
<record>
   <leader>00000cdd#a2200000###4500</leader>
   <controlfield tag="001">403008708</controlfield>
   <controlfield tag="003">RISM</controlfield>
   <controlfield tag="005">20100225111111.0</controlfield>
   <controlfield tag="008">100322|||||||||gw |||||||||||||||||ita|d</controlfield>
   <datafield tag="031" ind1=" " ind2=" ">
      <subfield code="a">1</subfield>
      <subfield code="b">1</subfield>
      <subfield code="c">1</subfield>
      <subfield code="g">C-1</subfield>
      <subfield code="m">S 1</subfield>
      <subfield code="n">xF</subfield>
      <subfield code="o">c</subfield>
      <subfield code="p">'2BB/4B8BB''2C+/4C{8'BA}4B</subfield>
      <subfield code="r">e</subfield>
      <subfield code="t">Or del rigido verno</subfield>
      <subfield code="2">pe</subfield>
      <subfield code="u">30612620</subfield>
      </datafield>
   <datafield tag="041" ind1=" " ind2=" ">
      <subfield code="a">ita</subfield>
   </datafield>
   <datafield tag="100" ind1="1" ind2=" ">
      <subfield code="a">Lotti, Antonio</subfield>
      <subfield code="d">1666-1740</subfield>
      <subfield code="0">123588</subfield>
   </datafield>
   <datafield tag="240" ind1="1" ind2="0">
      <subfield code="a">Fatal gelo d'un cuore</subfield>
      <subfield code="m">V (5), bc</subfield>
      <subfield code="r">e</subfield>
   </datafield>
   <datafield tag="245" ind1="1" ind2="0">
      <subfield code="a">[title page:] Fatal gelo d'un cuore | Madrigale | a cinque voci | di | Antonio Lotti | 1705</subfield>
   </datafield>
   <datafield tag="300" ind1=" " ind2=" ">
      <subfield code="8">1\c</subfield>
      <subfield code="a">score: 23p.</subfield>
      <subfield code="c">25 x 31 cm</subfield>
   </datafield>
   <datafield tag="500" ind1=" " ind2=" ">
      <subfield code="a">Vermerk auf der Titelseite: "Cette pièce ne se trouvant pas dans le livre des Duetti, Terzetti e Madrigali imprimé à Venice et dédié à / l'Empereur Leopold I. l'an 1705 parait être und composition detachée et peu connue. / Kiesewetter / m pra"</subfield>
   </datafield>
   <datafield tag="518" ind1=" " ind2=" ">
      <subfield code="a">Date of composition: 1705</subfield>
   </datafield>
   <datafield tag="593" ind1=" " ind2=" ">
      <subfield code="8">1\c</subfield>
      <subfield code="a">manuscript</subfield>
   </datafield>
   <datafield tag="594" ind1=" " ind2=" ">
      <subfield code="a">S (2), A, T, B, bc</subfield>
   </datafield>
   <datafield tag="650" ind1="0" ind2="0">
      <subfield code="a">Madrigals</subfield>
   </datafield>
   <datafield tag="700" ind1="1" ind2=" ">
      <subfield code="a">Pearsall, Robert Lucas</subfield>
      <subfield code="d">1795-1856</subfield>
      <subfield code="0">30007127</subfield>
      <subfield code="4">fmo</subfield>
   </datafield>
   <datafield tag="700" ind1="1" ind2=" ">
      <subfield code="a">Kiesewetter, Raphael Georg</subfield>
      <subfield code="d">1773-1850</subfield>
      <subfield code="0">152380</subfield>
      <subfield code="4">asn</subfield>
   </datafield>
   <datafield tag="852" ind1=" " ind2=" ">
      <subfield code="a">CH-E</subfield>
      <subfield code="c">536,23.3</subfield>
      <subfield code="x">30000006</subfield>
   </datafield>
   </record>