
<record>
   <leader>00000cdd#a2200000###4500</leader>
   <controlfield tag="001">400100085</controlfield>
   <controlfield tag="003">RISM</controlfield>
   <controlfield tag="005">20100302111111.0</controlfield>
   <controlfield tag="008">100322k18011850gw |||||||||||||||||lat|d</controlfield>
   <datafield tag="031" ind1=" " ind2=" ">
      <subfield code="a">1</subfield>
      <subfield code="b">1</subfield>
      <subfield code="c">1</subfield>
      <subfield code="d">Andante</subfield>
      <subfield code="g">C-1</subfield>
      <subfield code="m">S</subfield>
      <subfield code="n">xF</subfield>
      <subfield code="o">6/8</subfield>
      <subfield code="p">=8/'4.B{8AB}A/4G8-{8DGB}/''4D8D{EDxC}/</subfield>
      <subfield code="r">G</subfield>
      <subfield code="t">Kyrie, eleison Christe eleison Kyrie eleison</subfield>
      <subfield code="2">pe</subfield>
      <subfield code="u">31805767</subfield>
      </datafield>
   <datafield tag="031" ind1=" " ind2=" ">
      <subfield code="a">1</subfield>
      <subfield code="b">2</subfield>
      <subfield code="c">1</subfield>
      <subfield code="d">Allegro vivace</subfield>
      <subfield code="o">3/4</subfield>
      <subfield code="r">D</subfield>
      <subfield code="t">Gloria, in excelsis Deo et in terra pax</subfield>
      <subfield code="u">31805768</subfield>
      </datafield>
   <datafield tag="041" ind1=" " ind2=" ">
      <subfield code="a">lat</subfield>
   </datafield>
   <datafield tag="100" ind1="1" ind2=" ">
      <subfield code="a">Kalliwoda, Johann Wenzel</subfield>
      <subfield code="d">1801-1866</subfield>
      <subfield code="0">3324</subfield>
   </datafield>
   <datafield tag="240" ind1="1" ind2="0">
      <subfield code="a">Masses</subfield>
      <subfield code="m">V (4), Coro, orch</subfield>
      <subfield code="r">G</subfield>
   </datafield>
   <datafield tag="245" ind1="1" ind2="0">
      <subfield code="a">[spine title:] Kyrie u. Gloria</subfield>
   </datafield>
   <datafield tag="260" ind1=" " ind2=" ">
      <subfield code="8">1\c</subfield>
      <subfield code="c">1801-1850 (19.1d)</subfield>
   </datafield>
   <datafield tag="260" ind1=" " ind2=" ">
      <subfield code="8">2\c</subfield>
      <subfield code="c">1801-1850</subfield>
      </datafield>
   <datafield tag="300" ind1=" " ind2=" ">
      <subfield code="8">1\c</subfield>
      <subfield code="a">short score (vocal score)</subfield>
      </datafield>
   <datafield tag="300" ind1=" " ind2=" ">
      <subfield code="8">2\c</subfield>
      <subfield code="a">23 parts</subfield>
      <subfield code="c">32 (31) x 23,5 (24,5) cm</subfield>
   </datafield>
   <datafield tag="500" ind1=" " ind2=" ">
      <subfield code="a">Schreibervermerke: "L., 25. August 1838", "L., 12 März 1842", "L., 30. März 1842" und "15. 6. 46"</subfield>
   </datafield>
   <datafield tag="500" ind1=" " ind2=" ">
      <subfield code="a">Stimmen: mit schwarzer Tinte geschrieben, breite Feder, hellblaues und weisses Papier</subfield>
   </datafield>
   <datafield tag="500" ind1=" " ind2=" ">
      <subfield code="a">Beim Kopist handelt sich sicher nicht um Lutiger oder Vettiger</subfield>
   </datafield>
   <datafield tag="520" ind1=" " ind2=" ">
      <subfield code="a">Kyrie and Gloria only</subfield>
   </datafield>
   <datafield tag="590" ind1=" " ind2=" ">
      <subfield code="8">2\c</subfield>
      <subfield code="a">Solo and coro: S (2x), A (2x), T, B, vl 1 (2x), vl 2, vla, vlc, cb, fl 1, 2, ob 1, 2, fag 1, 2, cor 1, 2, tr 1, 2, timp</subfield>
      </datafield>
   <datafield tag="593" ind1=" " ind2=" ">
      <subfield code="8">1\c</subfield>
      <subfield code="a">manuscript</subfield>
   </datafield>
   <datafield tag="593" ind1=" " ind2=" ">
      <subfield code="8">2\c</subfield>
      <subfield code="a">manuscript</subfield>
      </datafield>
   <datafield tag="594" ind1=" " ind2=" ">
      <subfield code="a">S, A, T, B, Coro S, Coro A, Coro T, Coro B, vl 1, vl 2, vla, vlc, b, fl (2), ob (2), fag (2), cor (2), tr (2), timp</subfield>
   </datafield>
   <datafield tag="650" ind1="0" ind2="0">
      <subfield code="a">Masses</subfield>
   </datafield>
   <datafield tag="700" ind1="1" ind2=" ">
      <subfield code="8">1\c</subfield>
      <subfield code="a">L.</subfield>
      <subfield code="0">30016464</subfield>
      <subfield code="4">scr</subfield>
   </datafield>
   <datafield tag="852" ind1=" " ind2=" ">
      <subfield code="a">CH-ZGm</subfield>
      <subfield code="c">M 10/0106 (Ms. 11792)</subfield>
      <subfield code="x">30000220</subfield>
   </datafield>
   </record>