
<record>
   <leader>00000cdd#a2200000###4500</leader>
   <controlfield tag="001">400102164</controlfield>
   <controlfield tag="003">RISM</controlfield>
   <controlfield tag="005">20100304111111.0</controlfield>
   <controlfield tag="008">100322|||||||||gw |||||||||||||||||gsw|d</controlfield>
   <datafield tag="031" ind1=" " ind2=" ">
      <subfield code="a">1</subfield>
      <subfield code="b">1</subfield>
      <subfield code="c">1</subfield>
      <subfield code="d">No. 9.. Lebhaft</subfield>
      <subfield code="g">G-2</subfield>
      <subfield code="m">T 1</subfield>
      <subfield code="n">bB</subfield>
      <subfield code="o">2/4</subfield>
      <subfield code="p">'8A{6AG}8F{6AB}/''8C{6CF}8CC/C{6'GA}8B{6DE}/4F-/</subfield>
      <subfield code="r">F</subfield>
      <subfield code="t">S'isch nüt lustigers uf Erde als e Chühjerbueb</subfield>
      <subfield code="2">pe</subfield>
      <subfield code="u">30528311</subfield>
      </datafield>
   <datafield tag="041" ind1=" " ind2=" ">
      <subfield code="a">gsw</subfield>
   </datafield>
   <datafield tag="100" ind1="1" ind2=" ">
      <subfield code="a">Knop, Ernst</subfield>
      <subfield code="d">1850+</subfield>
      <subfield code="0">30020936</subfield>
   </datafield>
   <datafield tag="240" ind1="1" ind2="0">
      <subfield code="a">Lob des Küherstandes</subfield>
      <subfield code="m">Coro maschile</subfield>
      <subfield code="r">F</subfield>
   </datafield>
   <datafield tag="245" ind1="1" ind2="0">
      <subfield code="a">[T 1, caption title:] No. 9. Lob des Küherstandes | Ernst Knopp</subfield>
   </datafield>
   <datafield tag="300" ind1=" " ind2=" ">
      <subfield code="8">1\c</subfield>
      <subfield code="a">4 parts: p.18-20, 18-20, 17-19, 17-19</subfield>
      </datafield>
   <datafield tag="500" ind1=" " ind2=" ">
      <subfield code="a">facs.</subfield>
   </datafield>
   <datafield tag="561" ind1=" " ind2=" ">
      <subfield code="a">Zisterzienserkloster, Mehrerau</subfield>
   </datafield>
   <datafield tag="590" ind1=" " ind2=" ">
      <subfield code="8">1\c</subfield>
      <subfield code="a">T 1, 2, B 1, 2</subfield>
   </datafield>
   <datafield tag="591" ind1="0" ind2="0">
      <subfield code="a">22</subfield>
   </datafield>
   <datafield tag="593" ind1=" " ind2=" ">
      <subfield code="8">1\c</subfield>
      <subfield code="a">manuscript</subfield>
   </datafield>
   <datafield tag="594" ind1=" " ind2=" ">
      <subfield code="a">Coro T (2), Coro B (2)</subfield>
   </datafield>
   <datafield tag="650" ind1="0" ind2="0">
      <subfield code="a">Partsongs</subfield>
   </datafield>
   <datafield tag="710" ind1="1" ind2=" ">
      <subfield code="a">Zisterzienserkloster (Mehrerau)</subfield>
      <subfield code="0">30023057</subfield>
      <subfield code="4">fmo</subfield>
   </datafield>
   <datafield tag="773" ind1="0" ind2=" ">
      <subfield code="a">400102155</subfield>
   </datafield>
   <datafield tag="852" ind1=" " ind2=" ">
      <subfield code="a">CH-BEl</subfield>
      <subfield code="c">MGb 38/a-d Res</subfield>
      <subfield code="x">30000004</subfield>
   </datafield>
   </record>