
<record>
   <leader>00000cdd#a2200000###4500</leader>
   <controlfield tag="001">402008720</controlfield>
   <controlfield tag="003">RISM</controlfield>
   <controlfield tag="005">20100224111111.0</controlfield>
   <controlfield tag="008">100322|||||||||gw |||||||||||||||||lat|d</controlfield>
   <datafield tag="031" ind1=" " ind2=" ">
      <subfield code="a">1</subfield>
      <subfield code="b">1</subfield>
      <subfield code="c">1</subfield>
      <subfield code="d">Kyrie.. Andante</subfield>
      <subfield code="g">C-1</subfield>
      <subfield code="m">S coro</subfield>
      <subfield code="o">3/4</subfield>
      <subfield code="p">'4G''C'B/A-A/''FD'B/''4.C8E4D/'G''C'B/A-</subfield>
      <subfield code="r">C</subfield>
      <subfield code="t">Kyrie, eleison Christe eleison Kyrie eleison</subfield>
      <subfield code="2">pe</subfield>
      <subfield code="u">32223896</subfield>
      </datafield>
   <datafield tag="031" ind1=" " ind2=" ">
      <subfield code="a">1</subfield>
      <subfield code="b">2</subfield>
      <subfield code="c">1</subfield>
      <subfield code="d">Gloria.. Allegro</subfield>
      <subfield code="g">C-1</subfield>
      <subfield code="m">S coro</subfield>
      <subfield code="o">c</subfield>
      <subfield code="p">''4CC'B''D/C'G''E8DC/'4B''CDE/2F4D</subfield>
      <subfield code="r">C</subfield>
      <subfield code="t">Gloria, in excelsis Deo et in terra pax</subfield>
      <subfield code="2">pe</subfield>
      <subfield code="u">32223897</subfield>
      </datafield>
   <datafield tag="031" ind1=" " ind2=" ">
      <subfield code="a">1</subfield>
      <subfield code="b">3</subfield>
      <subfield code="c">1</subfield>
      <subfield code="d">Credo.. Moderato</subfield>
      <subfield code="g">C-1</subfield>
      <subfield code="m">S coro</subfield>
      <subfield code="o">3/4</subfield>
      <subfield code="p">''2C4C/C'B''C/'2.A/4G-G/''2E4E/DC'B/2B4A/G--/</subfield>
      <subfield code="r">C</subfield>
      <subfield code="t">Patrem omnipotentem, factorem caeli et terrae</subfield>
      <subfield code="2">pe</subfield>
      <subfield code="u">32223898</subfield>
      </datafield>
   <datafield tag="031" ind1=" " ind2=" ">
      <subfield code="a">1</subfield>
      <subfield code="b">4</subfield>
      <subfield code="c">1</subfield>
      <subfield code="d">Sanctus.. Andante</subfield>
      <subfield code="g">C-1</subfield>
      <subfield code="m">S coro</subfield>
      <subfield code="o">c</subfield>
      <subfield code="p">''4C'G''ED/2C'4B-/''D'8B''C4DE/4.F8D4E-/</subfield>
      <subfield code="r">C</subfield>
      <subfield code="t">Sanctus, Dominus Deus Sabaoth</subfield>
      <subfield code="2">pe</subfield>
      <subfield code="u">32223899</subfield>
      </datafield>
   <datafield tag="031" ind1=" " ind2=" ">
      <subfield code="a">1</subfield>
      <subfield code="b">5</subfield>
      <subfield code="c">1</subfield>
      <subfield code="d">Benedictus.. Andante</subfield>
      <subfield code="g">C-1</subfield>
      <subfield code="m">S solo</subfield>
      <subfield code="n">xF</subfield>
      <subfield code="o">3/4</subfield>
      <subfield code="p">=8/'2G4B/AD''8{DC}/'4BAG/BA8{AB}/''4C'AB/AFG/2B4A/G-</subfield>
      <subfield code="r">G</subfield>
      <subfield code="t">Benedictus, qui venit in nomine Domini hosanna in excelsis</subfield>
      <subfield code="2">pe</subfield>
      <subfield code="u">32223900</subfield>
      </datafield>
   <datafield tag="031" ind1=" " ind2=" ">
      <subfield code="a">1</subfield>
      <subfield code="b">6</subfield>
      <subfield code="c">1</subfield>
      <subfield code="d">Agnus.. Adagio non troppo</subfield>
      <subfield code="g">C-1</subfield>
      <subfield code="m">S coro</subfield>
      <subfield code="o">c</subfield>
      <subfield code="p">''4CDE'8BxG/4AB''C'8{BA}/4xGA2B/E</subfield>
      <subfield code="r">a</subfield>
      <subfield code="t">Agnus Dei, qui tollis peccata mundi miserere nobis</subfield>
      <subfield code="2">pe</subfield>
      <subfield code="u">32223901</subfield>
      </datafield>
   <datafield tag="041" ind1=" " ind2=" ">
      <subfield code="a">lat</subfield>
   </datafield>
   <datafield tag="100" ind1="1" ind2=" ">
      <subfield code="a">Kempter, Karl</subfield>
      <subfield code="d">1819-1871</subfield>
      <subfield code="0">30004215</subfield>
   </datafield>
   <datafield tag="240" ind1="1" ind2="0">
      <subfield code="a">Masses</subfield>
      <subfield code="m">V (3), Coro, orch, org</subfield>
      <subfield code="r">C</subfield>
   </datafield>
   <datafield tag="245" ind1="1" ind2="0">
      <subfield code="a">[dust cover title:] CYCLUS | katholischer Kirchenmusik für kleine Land-Chöre | Nro. I. | LATEINISCHE MESSE | IN C | für eine Singstimme mit Orgel obligat, | dann: Alt, Baß, 2 Violinen, 2 Hörner ad libitum, | in Musik gesetzt | und | Sr. Hochwürden Wohlgeboren Titl. Herrn | Anselm Mayr, | Pfarrer in Violau, | gewidmet | von | CARL KEMPTER, | Dom-Organist in Augsburg. | Opus 61. | [...]</subfield>
   </datafield>
   <datafield tag="300" ind1=" " ind2=" ">
      <subfield code="8">1\c</subfield>
      <subfield code="a">2 parts: 2, 2p.</subfield>
      <subfield code="c">34 (32,5) x 25 cm</subfield>
   </datafield>
   <datafield tag="300" ind1=" " ind2=" ">
      <subfield code="8">2\c</subfield>
      <subfield code="a">7 parts: 3, 3, 3, 3, 3, 6, 2p.</subfield>
      <subfield code="c">33 x 25,5 cm</subfield>
   </datafield>
   <datafield tag="383" ind1=" " ind2=" ">
      <subfield code="b">op.61</subfield>
   </datafield>
   <datafield tag="500" ind1=" " ind2=" ">
      <subfield code="a">1. Materialschicht: Der Tenor ist frei hinzukomponiert</subfield>
   </datafield>
   <datafield tag="500" ind1=" " ind2=" ">
      <subfield code="a">die Violastimme entspricht der Tenorlage der Orgelstimme</subfield>
   </datafield>
   <datafield tag="500" ind1=" " ind2=" ">
      <subfield code="8">1\c</subfield>
      <subfield code="a">other parts missing</subfield>
   </datafield>
   <datafield tag="510" ind1="1" ind2=" ">
      <subfield code="a">RepertoriumBeromünst</subfield>
      </datafield>
   <datafield tag="590" ind1=" " ind2=" ">
      <subfield code="8">1\c</subfield>
      <subfield code="a">Coro: T, vla</subfield>
   </datafield>
   <datafield tag="590" ind1=" " ind2=" ">
      <subfield code="8">2\c</subfield>
      <subfield code="a">Solo and coro: S, A, B, vl 1, 2, org and directorium (= V and org), cor 1 and 2 in C</subfield>
      </datafield>
   <datafield tag="593" ind1=" " ind2=" ">
      <subfield code="8">1\c</subfield>
      <subfield code="a">manuscript</subfield>
   </datafield>
   <datafield tag="593" ind1=" " ind2=" ">
      <subfield code="8">2\c</subfield>
      <subfield code="a">print</subfield>
      </datafield>
   <datafield tag="594" ind1=" " ind2=" ">
      <subfield code="a">S, A, B, Coro S, Coro A, Coro B, vl 1, vl 2, cor (2), vla (org), org</subfield>
   </datafield>
   <datafield tag="650" ind1="0" ind2="0">
      <subfield code="a">Masses</subfield>
   </datafield>
   <datafield tag="700" ind1="1" ind2=" ">
      <subfield code="8">1\c</subfield>
      <subfield code="a">Herzog, Dominik</subfield>
      <subfield code="0">30007268</subfield>
      <subfield code="4">scr</subfield>
   </datafield>
   <datafield tag="700" ind1="1" ind2=" ">
      <subfield code="a">Mayr, Anselm</subfield>
      <subfield code="0">30089228</subfield>
      <subfield code="4">dte</subfield>
   </datafield>
   <datafield tag="852" ind1=" " ind2=" ">
      <subfield code="a">CH-BM</subfield>
      <subfield code="c">Mus.Dr.II.273</subfield>
      <subfield code="x">30000005</subfield>
   </datafield>
   </record>