
<record>
   <leader>00000cdd#a2200000###4500</leader>
   <controlfield tag="001">402008731</controlfield>
   <controlfield tag="003">RISM</controlfield>
   <controlfield tag="005">20100224111111.0</controlfield>
   <controlfield tag="008">100322|||||||||gw |||||||||||||||||lat|d</controlfield>
   <datafield tag="031" ind1=" " ind2=" ">
      <subfield code="a">1</subfield>
      <subfield code="b">1</subfield>
      <subfield code="c">1</subfield>
      <subfield code="d">Kyrie.. Andante</subfield>
      <subfield code="g">G-2</subfield>
      <subfield code="m">vl 1</subfield>
      <subfield code="n">xF</subfield>
      <subfield code="o">2/4</subfield>
      <subfield code="p">'4G8{BD}/4G8-D/{GB''DE}/4D'8B-/</subfield>
      <subfield code="r">G</subfield>
      <subfield code="t">[Kyrie eleison Christe eleison]</subfield>
      <subfield code="2">pe</subfield>
      <subfield code="u">32223956</subfield>
      </datafield>
   <datafield tag="031" ind1=" " ind2=" ">
      <subfield code="a">1</subfield>
      <subfield code="b">2</subfield>
      <subfield code="c">1</subfield>
      <subfield code="d">Gloria.. Allegro</subfield>
      <subfield code="o">c</subfield>
      <subfield code="r">D</subfield>
      <subfield code="t">[Gloria in excelsis Deo et in terra pax]</subfield>
      <subfield code="u">32223957</subfield>
      </datafield>
   <datafield tag="031" ind1=" " ind2=" ">
      <subfield code="a">1</subfield>
      <subfield code="b">3</subfield>
      <subfield code="c">1</subfield>
      <subfield code="d">Credo.. Moderato</subfield>
      <subfield code="o">3/4</subfield>
      <subfield code="r">D</subfield>
      <subfield code="t">[Credo in unum Deum patrem omnipotentem]</subfield>
      <subfield code="u">32223958</subfield>
      </datafield>
   <datafield tag="031" ind1=" " ind2=" ">
      <subfield code="a">1</subfield>
      <subfield code="b">4</subfield>
      <subfield code="c">1</subfield>
      <subfield code="d">Sanctus.. Andante</subfield>
      <subfield code="o">c</subfield>
      <subfield code="r">D</subfield>
      <subfield code="t">[Sanctus Dominus Deus Sabaoth]</subfield>
      <subfield code="u">32223959</subfield>
      </datafield>
   <datafield tag="031" ind1=" " ind2=" ">
      <subfield code="a">1</subfield>
      <subfield code="b">5</subfield>
      <subfield code="c">1</subfield>
      <subfield code="d">Benedictus.. Andante con moto</subfield>
      <subfield code="o">6/8</subfield>
      <subfield code="r">G</subfield>
      <subfield code="t">[Benedictus qui venit in nomine Domini hosanna in excelsis]</subfield>
      <subfield code="u">32223960</subfield>
      </datafield>
   <datafield tag="031" ind1=" " ind2=" ">
      <subfield code="a">1</subfield>
      <subfield code="b">6</subfield>
      <subfield code="c">1</subfield>
      <subfield code="d">Agnus.. Adagio non troppo</subfield>
      <subfield code="o">c</subfield>
      <subfield code="r">G</subfield>
      <subfield code="t">[Agnus Dei qui tollis pecata mundi miserere nobis]</subfield>
      <subfield code="u">32223961</subfield>
      </datafield>
   <datafield tag="041" ind1=" " ind2=" ">
      <subfield code="a">lat</subfield>
   </datafield>
   <datafield tag="100" ind1="1" ind2=" ">
      <subfield code="a">Kempter, Karl</subfield>
      <subfield code="d">1819-1871</subfield>
      <subfield code="0">30004215</subfield>
   </datafield>
   <datafield tag="240" ind1="1" ind2="0">
      <subfield code="a">Masses</subfield>
      <subfield code="m">V (3), Coro, orch, org</subfield>
      <subfield code="r">G</subfield>
   </datafield>
   <datafield tag="245" ind1="1" ind2="0">
      <subfield code="a">[vl 1, caption title:] Der Landchorregent. | von Karl Kempter. | Lieferung 12. Opus 91</subfield>
   </datafield>
   <datafield tag="300" ind1=" " ind2=" ">
      <subfield code="8">1\c</subfield>
      <subfield code="a">1 part: 2p.</subfield>
      <subfield code="c">26 x 34 cm</subfield>
   </datafield>
   <datafield tag="300" ind1=" " ind2=" ">
      <subfield code="8">2\c</subfield>
      <subfield code="a">5 parts: 2, 2, 1, 1, 1p.</subfield>
      <subfield code="c">34 x 27 cm</subfield>
   </datafield>
   <datafield tag="383" ind1=" " ind2=" ">
      <subfield code="b">op.91</subfield>
   </datafield>
   <datafield tag="500" ind1=" " ind2=" ">
      <subfield code="a">1. Materialschicht: Die Violonestimme scheint von Dominik Herzog hinzukomponiert zu sein</subfield>
   </datafield>
   <datafield tag="500" ind1=" " ind2=" ">
      <subfield code="8">1\c</subfield>
      <subfield code="a">other parts missing</subfield>
   </datafield>
   <datafield tag="500" ind1=" " ind2=" ">
      <subfield code="8">2\c</subfield>
      <subfield code="a">other parts missing</subfield>
   </datafield>
   <datafield tag="510" ind1="1" ind2=" ">
      <subfield code="a">RepertoriumBeromünst</subfield>
      </datafield>
   <datafield tag="590" ind1=" " ind2=" ">
      <subfield code="8">1\c</subfield>
      <subfield code="a">vlne</subfield>
   </datafield>
   <datafield tag="590" ind1=" " ind2=" ">
      <subfield code="8">2\c</subfield>
      <subfield code="a">vl 1, 2, cor 1 in G and D and clno 1 in D, cor 2 in G and D and clno 2 in D, timp in D and A</subfield>
      </datafield>
   <datafield tag="593" ind1=" " ind2=" ">
      <subfield code="8">1\c</subfield>
      <subfield code="a">manuscript</subfield>
   </datafield>
   <datafield tag="593" ind1=" " ind2=" ">
      <subfield code="8">2\c</subfield>
      <subfield code="a">print</subfield>
      </datafield>
   <datafield tag="594" ind1=" " ind2=" ">
      <subfield code="a">S, A, B, Coro S, Coro A, Coro B, vl 1, vl 2, cor (2), tr (2), timp, org, bc: org</subfield>
   </datafield>
   <datafield tag="650" ind1="0" ind2="0">
      <subfield code="a">Masses</subfield>
   </datafield>
   <datafield tag="700" ind1="1" ind2=" ">
      <subfield code="8">1\c</subfield>
      <subfield code="a">Herzog, Dominik</subfield>
      <subfield code="0">30007268</subfield>
      <subfield code="4">scr</subfield>
   </datafield>
   <datafield tag="852" ind1=" " ind2=" ">
      <subfield code="a">CH-BM</subfield>
      <subfield code="c">Mus.Dr.II.285</subfield>
      <subfield code="x">30000005</subfield>
   </datafield>
   </record>