
<record>
   <leader>00000cdd#a2200000###4500</leader>
   <controlfield tag="001">400108418</controlfield>
   <controlfield tag="003">RISM</controlfield>
   <controlfield tag="005">20100224111111.0</controlfield>
   <controlfield tag="008">100322k18401860gw |||||||||||||||||lat|d</controlfield>
   <datafield tag="031" ind1=" " ind2=" ">
      <subfield code="a">1</subfield>
      <subfield code="b">1</subfield>
      <subfield code="c">1</subfield>
      <subfield code="d">Andante</subfield>
      <subfield code="g">F-4</subfield>
      <subfield code="m">vlne</subfield>
      <subfield code="n">xF</subfield>
      <subfield code="o">c</subfield>
      <subfield code="p">,2G4D-/-4GD-/'C,B2A/4B'xCD-/</subfield>
      <subfield code="r">G</subfield>
      <subfield code="2">pe</subfield>
      <subfield code="u">30537362</subfield>
      </datafield>
   <datafield tag="031" ind1=" " ind2=" ">
      <subfield code="a">1</subfield>
      <subfield code="b">1</subfield>
      <subfield code="c">2</subfield>
      <subfield code="t">[Kyrie]</subfield>
      <subfield code="u">30537363</subfield>
      </datafield>
   <datafield tag="031" ind1=" " ind2=" ">
      <subfield code="a">1</subfield>
      <subfield code="b">2</subfield>
      <subfield code="c">1</subfield>
      <subfield code="d">Gloria. Allegro ma non troppo</subfield>
      <subfield code="o">c</subfield>
      <subfield code="r">G</subfield>
      <subfield code="t">[Gloria]</subfield>
      <subfield code="u">30537364</subfield>
      </datafield>
   <datafield tag="031" ind1=" " ind2=" ">
      <subfield code="a">1</subfield>
      <subfield code="b">3</subfield>
      <subfield code="c">1</subfield>
      <subfield code="d">Credo. Moderato</subfield>
      <subfield code="o">3/4</subfield>
      <subfield code="r">G</subfield>
      <subfield code="t">[Credo]</subfield>
      <subfield code="u">30537365</subfield>
      </datafield>
   <datafield tag="031" ind1=" " ind2=" ">
      <subfield code="a">1</subfield>
      <subfield code="b">4</subfield>
      <subfield code="c">1</subfield>
      <subfield code="d">Sanctus. Andante sostenuto</subfield>
      <subfield code="o">c</subfield>
      <subfield code="r">G</subfield>
      <subfield code="t">[Sanctus]</subfield>
      <subfield code="u">30537366</subfield>
      </datafield>
   <datafield tag="031" ind1=" " ind2=" ">
      <subfield code="a">1</subfield>
      <subfield code="b">5</subfield>
      <subfield code="c">1</subfield>
      <subfield code="d">Benedictus. Andante con moto</subfield>
      <subfield code="o">3/4</subfield>
      <subfield code="r">C</subfield>
      <subfield code="t">[Benedictus]</subfield>
      <subfield code="u">30537367</subfield>
      </datafield>
   <datafield tag="031" ind1=" " ind2=" ">
      <subfield code="a">1</subfield>
      <subfield code="b">6</subfield>
      <subfield code="c">1</subfield>
      <subfield code="d">Agnus. Adagio</subfield>
      <subfield code="o">c</subfield>
      <subfield code="r">G</subfield>
      <subfield code="t">[Agnus Dei]</subfield>
      <subfield code="u">30537368</subfield>
      </datafield>
   <datafield tag="041" ind1=" " ind2=" ">
      <subfield code="a">lat</subfield>
   </datafield>
   <datafield tag="100" ind1="1" ind2=" ">
      <subfield code="a">Kempter, Karl</subfield>
      <subfield code="d">1819-1871</subfield>
      <subfield code="0">30004215</subfield>
   </datafield>
   <datafield tag="240" ind1="1" ind2="0">
      <subfield code="a">Masses</subfield>
      <subfield code="m">V (4), Coro, orch, org</subfield>
      <subfield code="r">G</subfield>
   </datafield>
   <datafield tag="245" ind1="1" ind2="0">
      <subfield code="a">[vlne, caption title:] Der Land=Chorregent | Missa | K. Kempter Lief. 1 op. 80</subfield>
   </datafield>
   <datafield tag="260" ind1=" " ind2=" ">
      <subfield code="8">1\c</subfield>
      <subfield code="c">1840-1860 (19.me)</subfield>
   </datafield>
   <datafield tag="300" ind1=" " ind2=" ">
      <subfield code="8">1\c</subfield>
      <subfield code="a">1 part: 2p.</subfield>
      <subfield code="c">26 x 33,5 cm</subfield>
   </datafield>
   <datafield tag="383" ind1=" " ind2=" ">
      <subfield code="b">op.80</subfield>
   </datafield>
   <datafield tag="500" ind1=" " ind2=" ">
      <subfield code="8">1\c</subfield>
      <subfield code="a">other parts missing</subfield>
   </datafield>
   <datafield tag="510" ind1="1" ind2=" ">
      <subfield code="a">RepertoriumBeromünst</subfield>
      </datafield>
   <datafield tag="590" ind1=" " ind2=" ">
      <subfield code="8">1\c</subfield>
      <subfield code="a">vlne</subfield>
   </datafield>
   <datafield tag="593" ind1=" " ind2=" ">
      <subfield code="8">1\c</subfield>
      <subfield code="a">manuscript</subfield>
   </datafield>
   <datafield tag="594" ind1=" " ind2=" ">
      <subfield code="a">S, A, T, B, Coro S, Coro A, Coro T, Coro B, orch</subfield>
   </datafield>
   <datafield tag="650" ind1="0" ind2="0">
      <subfield code="a">Masses</subfield>
   </datafield>
   <datafield tag="700" ind1="1" ind2=" ">
      <subfield code="8">1\c</subfield>
      <subfield code="a">Herzog, Dominik</subfield>
      <subfield code="0">30007268</subfield>
      <subfield code="4">scr</subfield>
   </datafield>
   <datafield tag="852" ind1=" " ind2=" ">
      <subfield code="a">CH-BM</subfield>
      <subfield code="c">Mus.Ms.332</subfield>
      <subfield code="x">30000005</subfield>
   </datafield>
   </record>