
<record>
   <leader>00000cdd#a2200000###4500</leader>
   <controlfield tag="001">400110402</controlfield>
   <controlfield tag="003">RISM</controlfield>
   <controlfield tag="005">20100224111111.0</controlfield>
   <controlfield tag="008">100322s1867||||gw |||||||||||||||||ger|d</controlfield>
   <datafield tag="031" ind1=" " ind2=" ">
      <subfield code="a">1</subfield>
      <subfield code="b">1</subfield>
      <subfield code="c">1</subfield>
      <subfield code="d">1. Introduction.. Adagio non troppo</subfield>
      <subfield code="g">F-4</subfield>
      <subfield code="m">org</subfield>
      <subfield code="n">bBEA</subfield>
      <subfield code="o">c</subfield>
      <subfield code="p">,2C4.G8A/%G-2 '2C4.G8A/''2C4.G8A/2A+8{AFD'nB}/{AFDC},4.nB'8D/,2A4G-/</subfield>
      <subfield code="r">c</subfield>
      <subfield code="2">pe</subfield>
      <subfield code="u">32214018</subfield>
      </datafield>
   <datafield tag="031" ind1=" " ind2=" ">
      <subfield code="a">1</subfield>
      <subfield code="b">2</subfield>
      <subfield code="c">1</subfield>
      <subfield code="d">2. Einleitungschoral. Adagio non troppo</subfield>
      <subfield code="g">G-2</subfield>
      <subfield code="m">vl 1</subfield>
      <subfield code="n">bBEA</subfield>
      <subfield code="o">c</subfield>
      <subfield code="p">8-/'1G/2.A4G/''C'BAG/{8FE}4FD-/</subfield>
      <subfield code="r">c</subfield>
      <subfield code="2">pe</subfield>
      <subfield code="u">32214019</subfield>
      </datafield>
   <datafield tag="031" ind1=" " ind2=" ">
      <subfield code="a">1</subfield>
      <subfield code="b">2</subfield>
      <subfield code="c">2</subfield>
      <subfield code="g">C-1</subfield>
      <subfield code="m">S coro</subfield>
      <subfield code="n">bBEA</subfield>
      <subfield code="o">c</subfield>
      <subfield code="p">8-/=11/2-4-8-'C/4CCGG/4.A8A4A8GG/''4C'BAG/{8FE}4FD8-</subfield>
      <subfield code="r">c</subfield>
      <subfield code="t">Betrachte deines Meisters Leiden o dankespflicht'ge Christenschar</subfield>
      <subfield code="2">pe</subfield>
      <subfield code="u">32214020</subfield>
      </datafield>
   <datafield tag="031" ind1=" " ind2=" ">
      <subfield code="a">1</subfield>
      <subfield code="b">3</subfield>
      <subfield code="c">1</subfield>
      <subfield code="d">3. Ecce homo. Andante</subfield>
      <subfield code="g">C-4</subfield>
      <subfield code="m">T solo</subfield>
      <subfield code="n">bBEA</subfield>
      <subfield code="o">3/4</subfield>
      <subfield code="p">=4/'2.E/2,B8-B/'4C,G8GB/2A4-/</subfield>
      <subfield code="r">E|b</subfield>
      <subfield code="t">Seht ihn gegeisselt und gekrönt</subfield>
      <subfield code="2">pe</subfield>
      <subfield code="u">32214021</subfield>
      </datafield>
   <datafield tag="031" ind1=" " ind2=" ">
      <subfield code="a">1</subfield>
      <subfield code="b">4</subfield>
      <subfield code="c">1</subfield>
      <subfield code="d">4. Jesu Tod. / Kreuzabnahme und Begräbniss.. Allegro</subfield>
      <subfield code="g">F-4</subfield>
      <subfield code="m">B solo</subfield>
      <subfield code="n">bB</subfield>
      <subfield code="o">c/</subfield>
      <subfield code="p">=15/2-4-,D/2DD/2D4-D/2.B4B/AD-</subfield>
      <subfield code="r">d</subfield>
      <subfield code="t">Die Erde bebt die Berge zittern</subfield>
      <subfield code="2">pe</subfield>
      <subfield code="u">32214022</subfield>
      </datafield>
   <datafield tag="031" ind1=" " ind2=" ">
      <subfield code="a">1</subfield>
      <subfield code="b">5</subfield>
      <subfield code="c">1</subfield>
      <subfield code="d">[attacca] / 5.. Andante</subfield>
      <subfield code="g">F-4</subfield>
      <subfield code="m">B solo</subfield>
      <subfield code="n">bBE</subfield>
      <subfield code="o">3/4</subfield>
      <subfield code="p">=2/,2.B/2F4F/8.G6G4GD/FE-/</subfield>
      <subfield code="r">B|b</subfield>
      <subfield code="t">Hört noch ihr künftigen Geschlechter</subfield>
      <subfield code="2">pe</subfield>
      <subfield code="u">32214023</subfield>
      </datafield>
   <datafield tag="031" ind1=" " ind2=" ">
      <subfield code="a">1</subfield>
      <subfield code="b">6</subfield>
      <subfield code="c">1</subfield>
      <subfield code="d">6. Schluss. Maestoso</subfield>
      <subfield code="g">C-1</subfield>
      <subfield code="m">S coro</subfield>
      <subfield code="o">c</subfield>
      <subfield code="p">''4EEEE/4.E8E4EC/EEEE/4.G8G2G/</subfield>
      <subfield code="r">C</subfield>
      <subfield code="t">Der Du ruh'st im Felsengrabe in der Erde kühlem Schoss</subfield>
      <subfield code="2">pe</subfield>
      <subfield code="u">32214024</subfield>
      </datafield>
   <datafield tag="041" ind1=" " ind2=" ">
      <subfield code="a">ger</subfield>
   </datafield>
   <datafield tag="100" ind1="1" ind2=" ">
      <subfield code="a">Kempter, Karl</subfield>
      <subfield code="d">1819-1871</subfield>
      <subfield code="0">30004215</subfield>
   </datafield>
   <datafield tag="240" ind1="1" ind2="0">
      <subfield code="a">Oratorios</subfield>
      <subfield code="k">Excerpts. Arr</subfield>
      <subfield code="m">V (4), Coro, orch, org</subfield>
      </datafield>
   <datafield tag="245" ind1="1" ind2="0">
      <subfield code="a">[org, cover title:] Piecen | aus dem | Oratorium | für den heiligen Charfreitag | Sopran, Alt, Tenor, Baß, | mit | 2 Violinen, Viola, Violon, 2 Clarinetten, | 2 Hörner, 2 Trompeten, Pauken, Posaune | nebst Orgel als Directions-Stimme. | von | Karl Kempter | opus 131. | Geschr. Dom Herzog Chorregent | in Münster. - d. 16 April 1867</subfield>
   </datafield>
   <datafield tag="260" ind1=" " ind2=" ">
      <subfield code="8">1\c</subfield>
      <subfield code="c">1867 (1867)</subfield>
   </datafield>
   <datafield tag="260" ind1=" " ind2=" ">
      <subfield code="8">2\c</subfield>
      <subfield code="c">1903</subfield>
      </datafield>
   <datafield tag="300" ind1=" " ind2=" ">
      <subfield code="8">1\c</subfield>
      <subfield code="a">17 parts: 4, 4, 4, 4, 3, 3, 3, 3, 2, 2, 2, 2, 1, 1, 2, 1, 4p.</subfield>
      <subfield code="c">34 x 25,5 cm</subfield>
   </datafield>
   <datafield tag="300" ind1=" " ind2=" ">
      <subfield code="8">2\c</subfield>
      <subfield code="a">short score (piano score): 16p.</subfield>
      <subfield code="c">34 x 25,5 cm</subfield>
   </datafield>
   <datafield tag="383" ind1=" " ind2=" ">
      <subfield code="b">op.131</subfield>
   </datafield>
   <datafield tag="500" ind1=" " ind2=" ">
      <subfield code="a">In der Sopran- und Altstimme sowie im Klavierauszug von 1903 hat Nikolaus Estermann nachträglich den Schlussteil des Duetts der Originalfassung "Alle diese Rutenhiebe" eingefügt: dieser chorische Schluss ist von Estermann als Einschub zwischen "Eccehomo" und "Jesu Tod" vorgesehen</subfield>
   </datafield>
   <datafield tag="510" ind1="1" ind2=" ">
      <subfield code="a">RepertoriumBeromünst</subfield>
      </datafield>
   <datafield tag="590" ind1=" " ind2=" ">
      <subfield code="8">1\c</subfield>
      <subfield code="a">Solo and coro: S, A, T, B, vl 1, 2, vla, vlc and vlne, cl 1, 2 in B|b, cor 1, 2 in E|b and F and D and C, clno 1, 2 in C and D, b-trb, timp, directorium (= org without text)</subfield>
   </datafield>
   <datafield tag="593" ind1=" " ind2=" ">
      <subfield code="8">1\c</subfield>
      <subfield code="a">manuscript</subfield>
   </datafield>
   <datafield tag="593" ind1=" " ind2=" ">
      <subfield code="8">2\c</subfield>
      <subfield code="a">manuscript</subfield>
      </datafield>
   <datafield tag="594" ind1=" " ind2=" ">
      <subfield code="a">S, A, T, B, Coro S, Coro A, Coro T, Coro B, vl 1, vl 2, vla, vlc, b, cl (2), cor (2), tr (2), b-trb, timp, org</subfield>
   </datafield>
   <datafield tag="650" ind1="0" ind2="0">
      <subfield code="a">Oratorios</subfield>
   </datafield>
   <datafield tag="700" ind1="1" ind2=" ">
      <subfield code="8">1\c</subfield>
      <subfield code="a">Herzog, Dominik</subfield>
      <subfield code="0">30007268</subfield>
      <subfield code="4">scr</subfield>
   </datafield>
   <datafield tag="700" ind1="1" ind2=" ">
      <subfield code="8">1\c</subfield>
      <subfield code="a">Estermann, Nikolaus</subfield>
      <subfield code="0">30043145</subfield>
      <subfield code="4">scr</subfield>
   </datafield>
   <datafield tag="700" ind1="1" ind2=" ">
      <subfield code="8">2\c</subfield>
      <subfield code="a">Estermann, Nikolaus</subfield>
      <subfield code="0">30043145</subfield>
      <subfield code="4">scr</subfield>
   </datafield>
   <datafield tag="700" ind1="1" ind2=" ">
      <subfield code="a">Herzog, Dominik</subfield>
      <subfield code="d">1877+</subfield>
      <subfield code="0">30007268</subfield>
      <subfield code="4">arr</subfield>
   </datafield>
   <datafield tag="852" ind1=" " ind2=" ">
      <subfield code="a">CH-BM</subfield>
      <subfield code="c">Mus.Dr.II.296.2</subfield>
      <subfield code="x">30000005</subfield>
   </datafield>
   </record>