
<record>
   <leader>00000cdd#a2200000###4500</leader>
   <controlfield tag="001">400108203</controlfield>
   <controlfield tag="003">RISM</controlfield>
   <controlfield tag="005">20100224111111.0</controlfield>
   <controlfield tag="008">100322s1865||||gw |||||||||||||||||lat|d</controlfield>
   <datafield tag="031" ind1=" " ind2=" ">
      <subfield code="a">1</subfield>
      <subfield code="b">1</subfield>
      <subfield code="c">1</subfield>
      <subfield code="d">Andante</subfield>
      <subfield code="g">G-2</subfield>
      <subfield code="m">vl 1</subfield>
      <subfield code="n">bBEAD</subfield>
      <subfield code="o">6/8</subfield>
      <subfield code="p">'4.C4C8C/i/4E8C{CEA}/4.AE/''C{8'BGB}/4.E4-8-/</subfield>
      <subfield code="r">A|b</subfield>
      <subfield code="2">pe</subfield>
      <subfield code="u">30536462</subfield>
      </datafield>
   <datafield tag="031" ind1=" " ind2=" ">
      <subfield code="a">1</subfield>
      <subfield code="b">1</subfield>
      <subfield code="c">2</subfield>
      <subfield code="g">C-3</subfield>
      <subfield code="m">A solo</subfield>
      <subfield code="n">bBEAD</subfield>
      <subfield code="o">6/8</subfield>
      <subfield code="p">=14/'4E8C{CE}A/4.A4E8-/''4C8C{'BGB}/4E8-4-8-/</subfield>
      <subfield code="r">A|b</subfield>
      <subfield code="t">Pie pellicane Jesu Domine, me immundum</subfield>
      <subfield code="2">pe</subfield>
      <subfield code="u">30536463</subfield>
      </datafield>
   <datafield tag="031" ind1=" " ind2=" ">
      <subfield code="a">1</subfield>
      <subfield code="b">2</subfield>
      <subfield code="c">1</subfield>
      <subfield code="d">Chor. Moderato molto</subfield>
      <subfield code="g">C-1</subfield>
      <subfield code="m">S coro</subfield>
      <subfield code="n">bBEA</subfield>
      <subfield code="o">c</subfield>
      <subfield code="p">=2/2-4-'B/BAGG/2AG/4FB''C'8BnA/2B</subfield>
      <subfield code="r">E|b</subfield>
      <subfield code="t">Adoro te devote, latens deitas</subfield>
      <subfield code="2">pe</subfield>
      <subfield code="u">30536464</subfield>
      </datafield>
   <datafield tag="041" ind1=" " ind2=" ">
      <subfield code="a">lat</subfield>
   </datafield>
   <datafield tag="100" ind1="1" ind2=" ">
      <subfield code="a">Kempter, Karl</subfield>
      <subfield code="d">1819-1871</subfield>
      <subfield code="0">30004215</subfield>
   </datafield>
   <datafield tag="240" ind1="1" ind2="0">
      <subfield code="a">Pie pellicane Jesu Domine</subfield>
      <subfield code="m">V (2), Coro, orch</subfield>
      <subfield code="r">A|b</subfield>
   </datafield>
   <datafield tag="245" ind1="1" ind2="0">
      <subfield code="a">[dust cover title:] Pie Pelicane | Offertorium | für | Sopran und Alto | mit | Chor | 2 Violin Viola Basso Violoncello obligat | Flöte in Es, 2 Clarinett in B, 2 Hörner 2 Trompetten | Pauken nicht obligat. | von Karl Kempter | op. 65. | |: N.B. für das Duett ist auch die Orgelstimme ausgesetzt :| | wenn das Orchester ausgelassen wird. | [at bottom:] D. Herzog Chorregent. an 1865</subfield>
   </datafield>
   <datafield tag="260" ind1=" " ind2=" ">
      <subfield code="8">1\c</subfield>
      <subfield code="c">1865 (1865)</subfield>
   </datafield>
   <datafield tag="300" ind1=" " ind2=" ">
      <subfield code="8">1\c</subfield>
      <subfield code="a">18 parts: 2, 2, 2, 2, 2, 2, 2, 2, 2, 2, 2, 2, 2, 2, 2, 2, 2, 2p.</subfield>
      <subfield code="c">Different sizes</subfield>
   </datafield>
   <datafield tag="383" ind1=" " ind2=" ">
      <subfield code="b">op.65</subfield>
   </datafield>
   <datafield tag="510" ind1="1" ind2=" ">
      <subfield code="a">RepertoriumBeromünst</subfield>
      </datafield>
   <datafield tag="590" ind1=" " ind2=" ">
      <subfield code="8">1\c</subfield>
      <subfield code="a">Solo and coro: S, A, Coro: T, B, vl 1, 2, vla, vlc and vlne, org (= bc.fig), fl in E|b, cl 1, 2 in B|b, cor 1, 2 in E|b, clno 1, 2 in E|b, timp in E|b and B|b, org</subfield>
   </datafield>
   <datafield tag="593" ind1=" " ind2=" ">
      <subfield code="8">1\c</subfield>
      <subfield code="a">manuscript</subfield>
   </datafield>
   <datafield tag="594" ind1=" " ind2=" ">
      <subfield code="a">S, A, Coro S, Coro A, Coro T, Coro B, vl 1, vl 2, vla, vlc, b, fl, cl (2), cor (2), tr (2), timp, org (orch), org, bc: org</subfield>
   </datafield>
   <datafield tag="650" ind1="0" ind2="0">
      <subfield code="a">Offertories</subfield>
   </datafield>
   <datafield tag="700" ind1="1" ind2=" ">
      <subfield code="8">1\c</subfield>
      <subfield code="a">Herzog, Dominik</subfield>
      <subfield code="0">30007268</subfield>
      <subfield code="4">scr</subfield>
   </datafield>
   <datafield tag="852" ind1=" " ind2=" ">
      <subfield code="a">CH-BM</subfield>
      <subfield code="c">Mus.Ms.131</subfield>
      <subfield code="x">30000005</subfield>
   </datafield>
   </record>