
<record>
   <leader>00000cdd#a2200000###4500</leader>
   <controlfield tag="001">402008723</controlfield>
   <controlfield tag="003">RISM</controlfield>
   <controlfield tag="005">20100224111111.0</controlfield>
   <controlfield tag="008">100322|||||||||gw |||||||||||||||||lat|d</controlfield>
   <datafield tag="031" ind1=" " ind2=" ">
      <subfield code="a">1</subfield>
      <subfield code="b">1</subfield>
      <subfield code="c">1</subfield>
      <subfield code="d">Requiem.. Andante</subfield>
      <subfield code="g">C-1</subfield>
      <subfield code="m">S coro</subfield>
      <subfield code="n">bB</subfield>
      <subfield code="o">c/</subfield>
      <subfield code="p">'4.A8A4AA/2GF/4.B8B4B''8{D'B}/4.A8G4G</subfield>
      <subfield code="r">F</subfield>
      <subfield code="t">Requiem, aeternam dona eis Domine</subfield>
      <subfield code="2">pe</subfield>
      <subfield code="u">32223923</subfield>
      </datafield>
   <datafield tag="031" ind1=" " ind2=" ">
      <subfield code="a">1</subfield>
      <subfield code="b">2</subfield>
      <subfield code="c">1</subfield>
      <subfield code="d">Dies irae.. Moderato</subfield>
      <subfield code="g">C-1</subfield>
      <subfield code="m">S coro</subfield>
      <subfield code="n">bBE</subfield>
      <subfield code="o">3/4</subfield>
      <subfield code="p">'2B''4C/DC-/2C4D/ED-/</subfield>
      <subfield code="r">B|b</subfield>
      <subfield code="t">Dies irae, dies illa solvet saeclum in favilla</subfield>
      <subfield code="2">pe</subfield>
      <subfield code="u">32223924</subfield>
      </datafield>
   <datafield tag="031" ind1=" " ind2=" ">
      <subfield code="a">1</subfield>
      <subfield code="b">3</subfield>
      <subfield code="c">1</subfield>
      <subfield code="d">Domine.. Andante sostenuto</subfield>
      <subfield code="g">C-1</subfield>
      <subfield code="m">S coro</subfield>
      <subfield code="n">bB</subfield>
      <subfield code="o">2/4</subfield>
      <subfield code="p">'4F6{A''C}{FC}/'4A8{GA}/4B8A</subfield>
      <subfield code="r">F</subfield>
      <subfield code="t">Domine Jesu Christe, rex gloriae</subfield>
      <subfield code="2">pe</subfield>
      <subfield code="u">32223925</subfield>
      </datafield>
   <datafield tag="031" ind1=" " ind2=" ">
      <subfield code="a">1</subfield>
      <subfield code="b">4</subfield>
      <subfield code="c">1</subfield>
      <subfield code="d">Sanctus.. Adagio non troppo</subfield>
      <subfield code="g">C-1</subfield>
      <subfield code="m">S coro</subfield>
      <subfield code="n">bB</subfield>
      <subfield code="o">c</subfield>
      <subfield code="p">'4AG''D8{C'A}/4.G8B4A-/F8A''C4FE/4.D8D4C-/</subfield>
      <subfield code="r">F</subfield>
      <subfield code="t">Sanctus, Dominus Deus Sabaoth</subfield>
      <subfield code="2">pe</subfield>
      <subfield code="u">32223926</subfield>
      </datafield>
   <datafield tag="031" ind1=" " ind2=" ">
      <subfield code="a">1</subfield>
      <subfield code="b">5</subfield>
      <subfield code="c">1</subfield>
      <subfield code="d">Benedictus.. Andante</subfield>
      <subfield code="g">C-1</subfield>
      <subfield code="m">S solo</subfield>
      <subfield code="n">bBE</subfield>
      <subfield code="o">3/8</subfield>
      <subfield code="p">'8{B''D}E/FCE/4.D/4C8C/DC'B/''EDC/{DF}nE/4F8-/</subfield>
      <subfield code="r">B|b</subfield>
      <subfield code="t">Benedictus, qui venit in nomine Domini hosanna in excelsis</subfield>
      <subfield code="2">pe</subfield>
      <subfield code="u">32223927</subfield>
      </datafield>
   <datafield tag="031" ind1=" " ind2=" ">
      <subfield code="a">1</subfield>
      <subfield code="b">6</subfield>
      <subfield code="c">1</subfield>
      <subfield code="d">Agnus.. Adagio non troppo</subfield>
      <subfield code="g">C-1</subfield>
      <subfield code="m">S coro</subfield>
      <subfield code="n">bB</subfield>
      <subfield code="o">c</subfield>
      <subfield code="p">'4DEFG/A8{AnB}''4xC8CC/4DCC'B/A</subfield>
      <subfield code="r">d</subfield>
      <subfield code="t">Agnus Dei qui tollis peccata mundi dona eis requiem</subfield>
      <subfield code="2">pe</subfield>
      <subfield code="u">32223928</subfield>
      </datafield>
   <datafield tag="031" ind1=" " ind2=" ">
      <subfield code="a">1</subfield>
      <subfield code="b">7</subfield>
      <subfield code="c">1</subfield>
      <subfield code="d">Libera.. Andante con moto</subfield>
      <subfield code="g">C-1</subfield>
      <subfield code="m">S coro</subfield>
      <subfield code="n">bB</subfield>
      <subfield code="o">3/4</subfield>
      <subfield code="p">'8.A6A4AA/8.G6G4FF/BB8{A''D}/4D8xC</subfield>
      <subfield code="r">F</subfield>
      <subfield code="t">Libera me, Domine de morte aeterna</subfield>
      <subfield code="2">pe</subfield>
      <subfield code="u">32223929</subfield>
      </datafield>
   <datafield tag="041" ind1=" " ind2=" ">
      <subfield code="a">lat</subfield>
   </datafield>
   <datafield tag="100" ind1="1" ind2=" ">
      <subfield code="a">Kempter, Karl</subfield>
      <subfield code="d">1819-1871</subfield>
      <subfield code="0">30004215</subfield>
   </datafield>
   <datafield tag="240" ind1="1" ind2="0">
      <subfield code="a">Requiems</subfield>
      <subfield code="m">V (3), Coro, orch, org</subfield>
      <subfield code="r">F</subfield>
   </datafield>
   <datafield tag="245" ind1="1" ind2="0">
      <subfield code="a">[directorium, cover title:] Der | Land-Chorregent | bei den gottesdienstlichen | Verrichtungen im katholischen Kirchenjahre. | Eine | Handbibliothek | auf die vorzüglichsten musikalischen Vorkommnisse | wobei | eine Singstimme und ausgesetzte Orgel (mit unter- | legtem lateinischem Texte) obligat, | dann | Alt, Bass, 2 Violinen und 2 Hörner nicht obligat sind. | Für die schwächsten Kräfte | kurz und melodisch componirt | von | Karl Kempter. | [...] | Lieferung 2 | Opus 81. | REQUIEM in F | nebst Libera. | [...]</subfield>
   </datafield>
   <datafield tag="300" ind1=" " ind2=" ">
      <subfield code="8">1\c</subfield>
      <subfield code="a">1 part: 2p.</subfield>
      <subfield code="c">34 x 24,5 cm</subfield>
   </datafield>
   <datafield tag="300" ind1=" " ind2=" ">
      <subfield code="8">2\c</subfield>
      <subfield code="a">8 parts: 4, 3, 3, 2, 2, 7, 2, 2</subfield>
      <subfield code="c">34 x 27 cm</subfield>
   </datafield>
   <datafield tag="383" ind1=" " ind2=" ">
      <subfield code="b">op.81</subfield>
   </datafield>
   <datafield tag="500" ind1=" " ind2=" ">
      <subfield code="a">1. Materialschicht: Die Violonestimme ist eine Abschrift der Basslage der Orgelstimme</subfield>
   </datafield>
   <datafield tag="500" ind1=" " ind2=" ">
      <subfield code="8">1\c</subfield>
      <subfield code="a">other parts missing</subfield>
   </datafield>
   <datafield tag="510" ind1="1" ind2=" ">
      <subfield code="a">RepertoriumBeromünst</subfield>
      </datafield>
   <datafield tag="590" ind1=" " ind2=" ">
      <subfield code="8">1\c</subfield>
      <subfield code="a">vlne</subfield>
   </datafield>
   <datafield tag="590" ind1=" " ind2=" ">
      <subfield code="8">2\c</subfield>
      <subfield code="a">Solo and coro: S, A, B, vl 1, 2, directorium (= org without text), cor 1, 2 in F and B|b</subfield>
      </datafield>
   <datafield tag="593" ind1=" " ind2=" ">
      <subfield code="8">1\c</subfield>
      <subfield code="a">manuscript</subfield>
   </datafield>
   <datafield tag="593" ind1=" " ind2=" ">
      <subfield code="8">2\c</subfield>
      <subfield code="a">print</subfield>
      </datafield>
   <datafield tag="594" ind1=" " ind2=" ">
      <subfield code="a">S, A, B, Coro S, Coro A, Coro B, vl 1, vl 2, cor (2), org</subfield>
   </datafield>
   <datafield tag="650" ind1="0" ind2="0">
      <subfield code="a">Requiems</subfield>
   </datafield>
   <datafield tag="700" ind1="1" ind2=" ">
      <subfield code="8">1\c</subfield>
      <subfield code="a">Herzog, Dominik</subfield>
      <subfield code="0">30007268</subfield>
      <subfield code="4">scr</subfield>
   </datafield>
   <datafield tag="852" ind1=" " ind2=" ">
      <subfield code="a">CH-BM</subfield>
      <subfield code="c">Mus.Dr.II.278</subfield>
      <subfield code="x">30000005</subfield>
   </datafield>
   </record>