
<record>
   <leader>00000cdd#a2200000###4500</leader>
   <controlfield tag="001">402008753</controlfield>
   <controlfield tag="003">RISM</controlfield>
   <controlfield tag="005">20100224111111.0</controlfield>
   <controlfield tag="008">100322|||||||||gw |||||||||||||||||lat|d</controlfield>
   <datafield tag="031" ind1=" " ind2=" ">
      <subfield code="a">1</subfield>
      <subfield code="b">1</subfield>
      <subfield code="c">1</subfield>
      <subfield code="d">Allegro</subfield>
      <subfield code="g">F-4</subfield>
      <subfield code="m">B coro</subfield>
      <subfield code="o">c</subfield>
      <subfield code="p">,4G/'2C4C-/-,EA8AA/1G/4C'CC8CC/2C,B/AA/xG4AF/E-2-/</subfield>
      <subfield code="r">C</subfield>
      <subfield code="t">Te Deum, laudamus te Dominum confitemur</subfield>
      <subfield code="2">pe</subfield>
      <subfield code="u">32224035</subfield>
      </datafield>
   <datafield tag="041" ind1=" " ind2=" ">
      <subfield code="a">lat</subfield>
   </datafield>
   <datafield tag="100" ind1="1" ind2=" ">
      <subfield code="a">Kempter, Karl</subfield>
      <subfield code="d">1819-1871</subfield>
      <subfield code="0">30004215</subfield>
   </datafield>
   <datafield tag="240" ind1="1" ind2="0">
      <subfield code="a">Te Deum</subfield>
      <subfield code="m">V (4), Coro, orch, org</subfield>
      <subfield code="r">C</subfield>
   </datafield>
   <datafield tag="245" ind1="1" ind2="0">
      <subfield code="a">[directorium, title page:] MUSICA SACRA | bei dem | vor und nachmittägigen | Gottesdienste | in den katholischen Kirchen. | Zum Gebrauche | der kleinen Stadt- und Land-Chöre | kurz und leicht componirt | mit | Sopran, Alt, Bass, | 2 Violinen und Partiturbass | oder Violon obligat; | Tenor, Viola, Flöte, 2 Clarinetten, 2 Hörner, | 2 Trompeten und Pauken nicht obligat; | oder auch nur | mit den Singstimmen und | ausgesetzter Orgel | von | Karl Kempter. | Lieferung 16. | In tiefster Verehrung gewidmet | dem | Hochwohlgebornen Herrn | Georg von Forndran, | ersten rechtskundigen Bürgermeister | der Stadt Augsburg, | Ritter des Verdienst-Ordens | der Baÿerischen Krone | und vom heiligen Michael | TE DEUM | in C. | Opus 116. | [...]</subfield>
   </datafield>
   <datafield tag="300" ind1=" " ind2=" ">
      <subfield code="8">1\c</subfield>
      <subfield code="a">6 parts: 2, 2, 1, 2, 2, 2p.</subfield>
      <subfield code="c">34 x 25,5 cm</subfield>
   </datafield>
   <datafield tag="300" ind1=" " ind2=" ">
      <subfield code="8">2\c</subfield>
      <subfield code="a">17 parts: 1, 1, 1, 1, 1, 1, 1, 1, 1, 1, 1, 1, 1, 1, 1, 1, 3p.</subfield>
      <subfield code="c">34 (17) x 26,5 cm</subfield>
   </datafield>
   <datafield tag="383" ind1=" " ind2=" ">
      <subfield code="b">op.116</subfield>
   </datafield>
   <datafield tag="500" ind1=" " ind2=" ">
      <subfield code="8">1\c</subfield>
      <subfield code="a">other parts missing</subfield>
   </datafield>
   <datafield tag="510" ind1="1" ind2=" ">
      <subfield code="a">RepertoriumBeromünst</subfield>
      </datafield>
   <datafield tag="590" ind1=" " ind2=" ">
      <subfield code="8">1\c</subfield>
      <subfield code="a">Solo and coro: S (2x), A (2x), T, B</subfield>
   </datafield>
   <datafield tag="590" ind1=" " ind2=" ">
      <subfield code="8">2\c</subfield>
      <subfield code="a">Solo and coro: S, A, T, B, vl 1, 2, vla, vlne and org (= bc.fig), fl, cl 1, 2 in C, cor 1, 2 in C, clno 1, 2 in C, timp in C and G, directorium (= org without text)</subfield>
      </datafield>
   <datafield tag="593" ind1=" " ind2=" ">
      <subfield code="8">1\c</subfield>
      <subfield code="a">manuscript</subfield>
   </datafield>
   <datafield tag="593" ind1=" " ind2=" ">
      <subfield code="8">2\c</subfield>
      <subfield code="a">print</subfield>
      </datafield>
   <datafield tag="594" ind1=" " ind2=" ">
      <subfield code="a">S, A, T, B, Coro S, Coro A, Coro T, Coro B, vl 1, vl 2, vla, b, fl, cl (2), cor (2), tr (2), timp, org, bc: org, b, bc: vlne</subfield>
   </datafield>
   <datafield tag="650" ind1="0" ind2="0">
      <subfield code="a">Hymns</subfield>
   </datafield>
   <datafield tag="700" ind1="1" ind2=" ">
      <subfield code="8">1\c</subfield>
      <subfield code="a">Herzog, Dominik</subfield>
      <subfield code="0">30007268</subfield>
      <subfield code="4">scr</subfield>
   </datafield>
   <datafield tag="700" ind1="1" ind2=" ">
      <subfield code="a">Forndran, Georg von</subfield>
      <subfield code="0">30089234</subfield>
      <subfield code="4">dte</subfield>
   </datafield>
   <datafield tag="852" ind1=" " ind2=" ">
      <subfield code="a">CH-BM</subfield>
      <subfield code="c">Mus.Dr.II.294</subfield>
      <subfield code="x">30000005</subfield>
   </datafield>
   </record>