
<record>
   <leader>00000cdd#a2200000###4500</leader>
   <controlfield tag="001">402008719</controlfield>
   <controlfield tag="003">RISM</controlfield>
   <controlfield tag="005">20100224111111.0</controlfield>
   <controlfield tag="008">100322|||||||||gw |||||||||||||||||lat|d</controlfield>
   <datafield tag="031" ind1=" " ind2=" ">
      <subfield code="a">1</subfield>
      <subfield code="b">1</subfield>
      <subfield code="c">1</subfield>
      <subfield code="d">Andante</subfield>
      <subfield code="g">C-1</subfield>
      <subfield code="m">S</subfield>
      <subfield code="n">bBE</subfield>
      <subfield code="o">3/4</subfield>
      <subfield code="p">=4/''4D'8{B''C}DF/8.F6E4E'8FF/''2D8{C'B}/8.B''6C'4A-/</subfield>
      <subfield code="r">B|b</subfield>
      <subfield code="t">Veni sancte spiritus, et emitte caelitus lucis tuae radium</subfield>
      <subfield code="2">pe</subfield>
      <subfield code="u">32223893</subfield>
      </datafield>
   <datafield tag="041" ind1=" " ind2=" ">
      <subfield code="a">lat</subfield>
   </datafield>
   <datafield tag="100" ind1="1" ind2=" ">
      <subfield code="a">Kempter, Karl</subfield>
      <subfield code="d">1819-1871</subfield>
      <subfield code="0">30004215</subfield>
   </datafield>
   <datafield tag="240" ind1="1" ind2="0">
      <subfield code="a">Veni sancte spiritus</subfield>
      <subfield code="m">Coro, orch, org</subfield>
      <subfield code="r">B|b</subfield>
   </datafield>
   <datafield tag="245" ind1="1" ind2="0">
      <subfield code="a">[org, cover title:] VENI SANCTE SPIRITUS | zum Gebrauche | bei Primizen am hl. Pfingstfest | und bei anderen Gelegenheiten | für | Sopran, Alt, Tenor, Bass und Orgel, | oder mit Begleitung | von | 2 Clarinetten, 2 Hörner und Violon. | Für kleinere Musikchöre componirt | von | Karl Kempter. | Opus 53. | [...]</subfield>
   </datafield>
   <datafield tag="300" ind1=" " ind2=" ">
      <subfield code="8">1\c</subfield>
      <subfield code="a">1 part: 1p.</subfield>
      <subfield code="c">17 x 24,5 cm</subfield>
   </datafield>
   <datafield tag="300" ind1=" " ind2=" ">
      <subfield code="8">2\c</subfield>
      <subfield code="a">12 parts: 2, 2, 2, 2, 1, 2, 1, 1, 1, 1, 1, 1p.</subfield>
      <subfield code="c">Different sizes</subfield>
   </datafield>
   <datafield tag="383" ind1=" " ind2=" ">
      <subfield code="b">op.53</subfield>
   </datafield>
   <datafield tag="500" ind1=" " ind2=" ">
      <subfield code="a">1. Materialschicht: Die hinzukomponierte Violastimme entspricht der Tenorlage der Orgelstimme</subfield>
   </datafield>
   <datafield tag="500" ind1=" " ind2=" ">
      <subfield code="8">1\c</subfield>
      <subfield code="a">other parts missing</subfield>
   </datafield>
   <datafield tag="510" ind1="1" ind2=" ">
      <subfield code="a">RepertoriumBeromünst</subfield>
      </datafield>
   <datafield tag="590" ind1=" " ind2=" ">
      <subfield code="8">1\c</subfield>
      <subfield code="a">vla</subfield>
   </datafield>
   <datafield tag="590" ind1=" " ind2=" ">
      <subfield code="8">2\c</subfield>
      <subfield code="a">S, A, T, B, vlne, org, cl 1, 2 in C, cor 1, 2 in B|b, clno 1 and 2 in B|b, timp in B|b and F</subfield>
      </datafield>
   <datafield tag="593" ind1=" " ind2=" ">
      <subfield code="8">1\c</subfield>
      <subfield code="a">manuscript</subfield>
   </datafield>
   <datafield tag="593" ind1=" " ind2=" ">
      <subfield code="8">2\c</subfield>
      <subfield code="a">print</subfield>
      </datafield>
   <datafield tag="594" ind1=" " ind2=" ">
      <subfield code="a">Coro S, Coro A, Coro T, Coro B, b, cl (2), cor (2), tr (2), vla (org), org</subfield>
   </datafield>
   <datafield tag="650" ind1="0" ind2="0">
      <subfield code="a">Sequences</subfield>
   </datafield>
   <datafield tag="657" ind1=" " ind2="7">
      <subfield code="a">Pentecostes</subfield>
   </datafield>
   <datafield tag="700" ind1="1" ind2=" ">
      <subfield code="8">1\c</subfield>
      <subfield code="a">Herzog, Dominik</subfield>
      <subfield code="0">30007268</subfield>
      <subfield code="4">scr</subfield>
   </datafield>
   <datafield tag="852" ind1=" " ind2=" ">
      <subfield code="a">CH-BM</subfield>
      <subfield code="c">Mus.Dr.II.271</subfield>
      <subfield code="x">30000005</subfield>
   </datafield>
   </record>