
<record>
   <leader>00000cdd#a2200000###4500</leader>
   <controlfield tag="001">403012115</controlfield>
   <controlfield tag="003">RISM</controlfield>
   <controlfield tag="005">20100308111111.0</controlfield>
   <controlfield tag="008">100322|||||||||gw |||||||||||||||||ger|d</controlfield>
   <datafield tag="031" ind1=" " ind2=" ">
      <subfield code="a">1</subfield>
      <subfield code="b">1</subfield>
      <subfield code="c">1</subfield>
      <subfield code="d">Frisch; Heiter; Kräftig bewegt</subfield>
      <subfield code="g">G-2</subfield>
      <subfield code="m">T 1</subfield>
      <subfield code="n">xFC</subfield>
      <subfield code="o">3/8</subfield>
      <subfield code="p">''4D'8A/''4F8D/8.A6F8D/4.C/</subfield>
      <subfield code="r">D</subfield>
      <subfield code="t">Frühling wonnige Zeit</subfield>
      <subfield code="2">pe</subfield>
      <subfield code="u">32232995</subfield>
      </datafield>
   <datafield tag="041" ind1=" " ind2=" ">
      <subfield code="a">ger</subfield>
   </datafield>
   <datafield tag="100" ind1="1" ind2=" ">
      <subfield code="a">Koehler-Wümbach, Wilhelm</subfield>
      <subfield code="d">1858-1926</subfield>
      <subfield code="0">30023121</subfield>
   </datafield>
   <datafield tag="240" ind1="1" ind2="0">
      <subfield code="a">Frühlingsjubel</subfield>
      <subfield code="m">Coro maschile</subfield>
      <subfield code="r">D</subfield>
   </datafield>
   <datafield tag="245" ind1="1" ind2="0">
      <subfield code="a">[caption title:] 4. Frühlingsjubel. | (Jul. Altmann.) | Wilh. Koehler-Wümbach.</subfield>
   </datafield>
   <datafield tag="300" ind1=" " ind2=" ">
      <subfield code="8">1\c</subfield>
      <subfield code="a">score: p.8-9</subfield>
      </datafield>
   <datafield tag="593" ind1=" " ind2=" ">
      <subfield code="8">1\c</subfield>
      <subfield code="a">print</subfield>
   </datafield>
   <datafield tag="594" ind1=" " ind2=" ">
      <subfield code="a">Coro T (2), Coro B (2)</subfield>
   </datafield>
   <datafield tag="650" ind1="0" ind2="0">
      <subfield code="a">Partsongs</subfield>
   </datafield>
   <datafield tag="700" ind1="1" ind2=" ">
      <subfield code="a">Altmann, Karl Friedrich Julius</subfield>
      <subfield code="d">1814-1873</subfield>
      <subfield code="0">29770</subfield>
      <subfield code="4">lyr</subfield>
   </datafield>
   <datafield tag="773" ind1="0" ind2=" ">
      <subfield code="a">403012111</subfield>
   </datafield>
   <datafield tag="852" ind1=" " ind2=" ">
      <subfield code="a">CH-E</subfield>
      <subfield code="c">576,34a</subfield>
      <subfield code="x">30000006</subfield>
   </datafield>
   </record>