
<record>
   <leader>00000cdd#a2200000###4500</leader>
   <controlfield tag="001">400110404</controlfield>
   <controlfield tag="003">RISM</controlfield>
   <controlfield tag="005">20100302111111.0</controlfield>
   <controlfield tag="008">100322|||||||||gw |||||||||||||||||lat|d</controlfield>
   <datafield tag="031" ind1=" " ind2=" ">
      <subfield code="a">1</subfield>
      <subfield code="b">1</subfield>
      <subfield code="c">1</subfield>
      <subfield code="d">Kyrie.. Andante moderato</subfield>
      <subfield code="g">G-2</subfield>
      <subfield code="m">S coro</subfield>
      <subfield code="o">c</subfield>
      <subfield code="p"> =3/'4.G8G''4CE/2ED/'4.G8G4B''D/2DC/</subfield>
      <subfield code="r">C</subfield>
      <subfield code="t">Kyrie, eleison Christe eleison Kyrie eleison</subfield>
      <subfield code="2">pe</subfield>
      <subfield code="u">32214034</subfield>
      </datafield>
   <datafield tag="031" ind1=" " ind2=" ">
      <subfield code="a">1</subfield>
      <subfield code="b">2</subfield>
      <subfield code="c">1</subfield>
      <subfield code="d">Gloria.. Allegro moderato</subfield>
      <subfield code="g">G-2</subfield>
      <subfield code="m">S coro</subfield>
      <subfield code="o">3/4</subfield>
      <subfield code="p">''4-CC/'A''CD/'2G{8''C'B}/{8.A6B}''4CD/2'G''4E+/EDC+/C'BE/2G4xF/G--/</subfield>
      <subfield code="r">C</subfield>
      <subfield code="t">Et in terra pax, hominibus bonae voluntatis</subfield>
      <subfield code="2">pe</subfield>
      <subfield code="u">32214035</subfield>
      </datafield>
   <datafield tag="031" ind1=" " ind2=" ">
      <subfield code="a">1</subfield>
      <subfield code="b">3</subfield>
      <subfield code="c">1</subfield>
      <subfield code="d">Credo.. Allegro moderato</subfield>
      <subfield code="g">G-2</subfield>
      <subfield code="m">S coro</subfield>
      <subfield code="o">c</subfield>
      <subfield code="p">=2/''2C'4B''C/DE{8GFED}/4C-2-/=1/2-4-C/ED'BG/G''CE{8DC}/4C'B2-/</subfield>
      <subfield code="r">C</subfield>
      <subfield code="t">Patrem omnipotentem, factorem caeli et terrae</subfield>
      <subfield code="2">pe</subfield>
      <subfield code="u">32214036</subfield>
      </datafield>
   <datafield tag="031" ind1=" " ind2=" ">
      <subfield code="a">1</subfield>
      <subfield code="b">4</subfield>
      <subfield code="c">1</subfield>
      <subfield code="d">Sanctus.. Adagio</subfield>
      <subfield code="g">G-2</subfield>
      <subfield code="m">S coro</subfield>
      <subfield code="o">c</subfield>
      <subfield code="p">''2.C4C/2C'4B-/2.''D4D/2DxC/DE/4.F8F2D/EC/E4DC/'B-2-/</subfield>
      <subfield code="r">C</subfield>
      <subfield code="t">Sanctus, Dominus Deus Sabaoth</subfield>
      <subfield code="2">pe</subfield>
      <subfield code="u">32214037</subfield>
      </datafield>
   <datafield tag="031" ind1=" " ind2=" ">
      <subfield code="a">1</subfield>
      <subfield code="b">5</subfield>
      <subfield code="c">1</subfield>
      <subfield code="d">Benedictus.. Allegretto</subfield>
      <subfield code="g">G-2</subfield>
      <subfield code="m">S solo</subfield>
      <subfield code="n">bB</subfield>
      <subfield code="o">c</subfield>
      <subfield code="p">2'A+{8AG}{B''D}/4D{8C'A}4F''F/F{8EC}'4A''D/D{8C'A}4FF/B8AA''4DC/'G-2-/</subfield>
      <subfield code="r">F</subfield>
      <subfield code="t">Benedictus, qui venit in nomine Domini hosanna in excelsis</subfield>
      <subfield code="2">pe</subfield>
      <subfield code="u">32214038</subfield>
      </datafield>
   <datafield tag="031" ind1=" " ind2=" ">
      <subfield code="a">1</subfield>
      <subfield code="b">6</subfield>
      <subfield code="c">1</subfield>
      <subfield code="d">Agnus Dei.. Adagio</subfield>
      <subfield code="g">G-2</subfield>
      <subfield code="m">S coro</subfield>
      <subfield code="o">3/4</subfield>
      <subfield code="p">=8/'2A''4C/C'BA/{8.xG6A}8B''CDE/4DC-/E{8DC}{'BA}/4''F{8ED}{C'B}/2A{''8C'B}/4B--/=8/</subfield>
      <subfield code="r">C</subfield>
      <subfield code="t">Agnus Dei, qui tollis peccata mundi miserere nobis</subfield>
      <subfield code="2">pe</subfield>
      <subfield code="u">32214039</subfield>
      </datafield>
   <datafield tag="041" ind1=" " ind2=" ">
      <subfield code="a">lat</subfield>
   </datafield>
   <datafield tag="100" ind1="1" ind2=" ">
      <subfield code="a">Kirms, Karl Ferdinand</subfield>
      <subfield code="d">1824-1854</subfield>
      <subfield code="0">477433</subfield>
   </datafield>
   <datafield tag="240" ind1="1" ind2="0">
      <subfield code="a">Masses</subfield>
      <subfield code="m">V (4), Coro, orch</subfield>
      <subfield code="r">C</subfield>
   </datafield>
   <datafield tag="245" ind1="1" ind2="0">
      <subfield code="a">[dust cover title:] Festmesse in C | mit vollständigem Texte | für | Sopran, Alt, Tenor &amp; Bass | mit Begleitung von | 2 Violinen, Viola, Violon, | 2 Clarinetten, 2 Hörner, 2 Trompeten, Pauken (mit Posaune ad libit.) | oder 4 Singstimmen mit Orgel allein | componirt von | Ferd. Kirms. | [...]</subfield>
   </datafield>
   <datafield tag="300" ind1=" " ind2=" ">
      <subfield code="8">1\c</subfield>
      <subfield code="a">42 parts: 4, 4, 4, 4, 4, 4, 4, 4, 4, 4, 4, 4, 4, 4, 4, 4, 4, 4, 4, 4, 4, 3, 3, 2, 2, 2, 2, 2, 2, 2, 2, 2, 2, 2, 2, 2, 2, 1, 1, 15, 15, 15p.</subfield>
      <subfield code="c">31,5 x 26 cm</subfield>
   </datafield>
   <datafield tag="300" ind1=" " ind2=" ">
      <subfield code="8">2\c</subfield>
      <subfield code="a">9 parts: 5, 6, 5, 5, 6, 6, 5, 5, 6</subfield>
      <subfield code="c">32,5 x 25,5 cm</subfield>
   </datafield>
   <datafield tag="300" ind1=" " ind2=" ">
      <subfield code="8">3\c</subfield>
      <subfield code="a">2 parts: 3, 3p.</subfield>
      <subfield code="c">32,5 x 25 cm</subfield>
   </datafield>
   <datafield tag="300" ind1=" " ind2=" ">
      <subfield code="8">4\c</subfield>
      <subfield code="a">3 parts: 2, 2, 2p.</subfield>
      <subfield code="c">34 x 25,5 cm</subfield>
   </datafield>
   <datafield tag="500" ind1=" " ind2=" ">
      <subfield code="a">Beiliegend: Handschriftliche Notizen von Franz Xaver Isaak mit Hinweise auf die Aufteilung der Instrumentalstimmen und die Interpreten</subfield>
   </datafield>
   <datafield tag="510" ind1="1" ind2=" ">
      <subfield code="a">RepertoriumBeromünst</subfield>
      </datafield>
   <datafield tag="590" ind1=" " ind2=" ">
      <subfield code="8">1\c</subfield>
      <subfield code="a">Solo and coro: S (3x), A (3x), T (3x), B (3x), vl 1 (3x), vl 2 (2x), vla (2x), vlne (2x), fl (2x), cl 1 in C (2x), cl 2 in C (2x), cor 1 in C (2x), cor 2 in C (2x), tr 1 in C (2x), tr 2 in C (2x), b-trb (2x), timp in C and G (2x), directorium (= V and org) (3x)</subfield>
   </datafield>
   <datafield tag="590" ind1=" " ind2=" ">
      <subfield code="8">2\c</subfield>
      <subfield code="a">Solo and coro: S (2x), A (2x), T (2x), B (3x)</subfield>
      </datafield>
   <datafield tag="590" ind1=" " ind2=" ">
      <subfield code="8">3\c</subfield>
      <subfield code="a">vl 2, cb</subfield>
      </datafield>
   <datafield tag="590" ind1=" " ind2=" ">
      <subfield code="8">4\c</subfield>
      <subfield code="a">cor 1, 2 in B|b, trb in C</subfield>
      </datafield>
   <datafield tag="593" ind1=" " ind2=" ">
      <subfield code="8">1\c</subfield>
      <subfield code="a">print</subfield>
   </datafield>
   <datafield tag="593" ind1=" " ind2=" ">
      <subfield code="8">2\c</subfield>
      <subfield code="a">manuscript</subfield>
      </datafield>
   <datafield tag="593" ind1=" " ind2=" ">
      <subfield code="8">3\c</subfield>
      <subfield code="a">manuscript</subfield>
      </datafield>
   <datafield tag="593" ind1=" " ind2=" ">
      <subfield code="8">4\c</subfield>
      <subfield code="a">manuscript</subfield>
      </datafield>
   <datafield tag="594" ind1=" " ind2=" ">
      <subfield code="a">S, A, T, B, Coro S, Coro A, Coro T, Coro B, vl 1, vl 2, vla, b, fl, cl (2), cor (2), tr (2), b-trb, timp, org</subfield>
   </datafield>
   <datafield tag="650" ind1="0" ind2="0">
      <subfield code="a">Masses</subfield>
   </datafield>
   <datafield tag="852" ind1=" " ind2=" ">
      <subfield code="a">CH-BM</subfield>
      <subfield code="c">Mus.Dr.II.302</subfield>
      <subfield code="x">30000005</subfield>
   </datafield>
   </record>