
<record>
   <leader>00000cdd#a2200000###4500</leader>
   <controlfield tag="001">400102297</controlfield>
   <controlfield tag="003">RISM</controlfield>
   <controlfield tag="005">20100302111111.0</controlfield>
   <controlfield tag="008">100322|||||||||gw |||||||||||||||||lat|d</controlfield>
   <datafield tag="031" ind1=" " ind2=" ">
      <subfield code="a">1</subfield>
      <subfield code="b">1</subfield>
      <subfield code="c">1</subfield>
      <subfield code="g">G-2</subfield>
      <subfield code="m">S</subfield>
      <subfield code="n">xFCGD</subfield>
      <subfield code="o">c</subfield>
      <subfield code="p">'4E2F/G4-8GG/4.A8A2G/4FF4.F8G/(4B)</subfield>
      <subfield code="r">E</subfield>
      <subfield code="t">Os justi, meditabitur sapientiam</subfield>
      <subfield code="2">pe</subfield>
      <subfield code="u">30528688</subfield>
      </datafield>
   <datafield tag="041" ind1=" " ind2=" ">
      <subfield code="a">lat</subfield>
   </datafield>
   <datafield tag="100" ind1="1" ind2=" ">
      <subfield code="a">Kirms, Karl Ferdinand</subfield>
      <subfield code="d">1824-1854</subfield>
      <subfield code="0">477433</subfield>
   </datafield>
   <datafield tag="240" ind1="1" ind2="0">
      <subfield code="a">Os justi</subfield>
      <subfield code="m">Coro, org</subfield>
      <subfield code="r">E</subfield>
   </datafield>
   <datafield tag="245" ind1="1" ind2="0">
      <subfield code="a">[score, caption title:] Nro 50. Os justi. | Kirms &amp; Rampis.</subfield>
   </datafield>
   <datafield tag="300" ind1=" " ind2=" ">
      <subfield code="8">1\c</subfield>
      <subfield code="a">score: p.64-65</subfield>
      </datafield>
   <datafield tag="300" ind1=" " ind2=" ">
      <subfield code="8">2\c</subfield>
      <subfield code="a">10 parts: p.45, 45, 47, 47, 47, 47, 47, 47, 47, 61-62</subfield>
      </datafield>
   <datafield tag="500" ind1=" " ind2=" ">
      <subfield code="a">org ad libitum</subfield>
   </datafield>
   <datafield tag="590" ind1=" " ind2=" ">
      <subfield code="8">2\c</subfield>
      <subfield code="a">S (2x), A (2x), T (2x), B (3x), org</subfield>
      </datafield>
   <datafield tag="593" ind1=" " ind2=" ">
      <subfield code="8">1\c</subfield>
      <subfield code="a">manuscript</subfield>
   </datafield>
   <datafield tag="593" ind1=" " ind2=" ">
      <subfield code="8">2\c</subfield>
      <subfield code="a">manuscript</subfield>
      </datafield>
   <datafield tag="594" ind1=" " ind2=" ">
      <subfield code="a">Coro S, Coro A, Coro T, Coro B, org</subfield>
   </datafield>
   <datafield tag="650" ind1="0" ind2="0">
      <subfield code="a">Motets</subfield>
   </datafield>
   <datafield tag="700" ind1="1" ind2=" ">
      <subfield code="a">Rampis, Pancratius</subfield>
      <subfield code="d">1813-1870</subfield>
      <subfield code="0">30008495</subfield>
      <subfield code="4">clb</subfield>
   </datafield>
   <datafield tag="773" ind1="0" ind2=" ">
      <subfield code="a">400102247</subfield>
   </datafield>
   <datafield tag="852" ind1=" " ind2=" ">
      <subfield code="a">CH-E</subfield>
      <subfield code="c">215</subfield>
      <subfield code="x">30000006</subfield>
   </datafield>
   </record>