
<record>
   <leader>00000cdd#a2200000###4500</leader>
   <controlfield tag="001">402008758</controlfield>
   <controlfield tag="003">RISM</controlfield>
   <controlfield tag="005">20100302111111.0</controlfield>
   <controlfield tag="008">100322|||||||||gw |||||||||||||||||lat|d</controlfield>
   <datafield tag="031" ind1=" " ind2=" ">
      <subfield code="a">1</subfield>
      <subfield code="b">1</subfield>
      <subfield code="c">1</subfield>
      <subfield code="d">Domine.. Allegro moderato</subfield>
      <subfield code="g">C-1</subfield>
      <subfield code="m">S coro</subfield>
      <subfield code="n">xFC</subfield>
      <subfield code="o">3/4</subfield>
      <subfield code="p">''8.D6D8DDDD/'4AA-/FA''D/C'A-/</subfield>
      <subfield code="r">D</subfield>
      <subfield code="t">Domine ad adjuvandum, me festina</subfield>
      <subfield code="2">pe</subfield>
      <subfield code="u">32224069</subfield>
      </datafield>
   <datafield tag="031" ind1=" " ind2=" ">
      <subfield code="a">1</subfield>
      <subfield code="b">2</subfield>
      <subfield code="c">1</subfield>
      <subfield code="d">Dixit.. Andante maestoso</subfield>
      <subfield code="g">C-1</subfield>
      <subfield code="m">S coro</subfield>
      <subfield code="n">xFC</subfield>
      <subfield code="o">c</subfield>
      <subfield code="p">=2/''2D'A/4.F8G4A-/2B4AD/1F/4E</subfield>
      <subfield code="r">D</subfield>
      <subfield code="t">Dixit Dominus, Domino meo sede a dextris meis</subfield>
      <subfield code="2">pe</subfield>
      <subfield code="u">32224070</subfield>
      </datafield>
   <datafield tag="031" ind1=" " ind2=" ">
      <subfield code="a">1</subfield>
      <subfield code="b">3</subfield>
      <subfield code="c">1</subfield>
      <subfield code="d">Confitebor.. Allegro moderato</subfield>
      <subfield code="g">C-1</subfield>
      <subfield code="m">S solo</subfield>
      <subfield code="n">xF</subfield>
      <subfield code="o">c</subfield>
      <subfield code="p">=7/2-4-'8DD/''4D'GGG/G8{FA}''4CC/'8{B''C}{xCD}'4E''8{DnC}/'2B4A</subfield>
      <subfield code="r">G</subfield>
      <subfield code="t">Confitebor, tibi Domine in toto corde meo in consilio justorum et congregatione</subfield>
      <subfield code="2">pe</subfield>
      <subfield code="u">32224071</subfield>
      </datafield>
   <datafield tag="031" ind1=" " ind2=" ">
      <subfield code="a">1</subfield>
      <subfield code="b">4</subfield>
      <subfield code="c">1</subfield>
      <subfield code="d">Beatus vir.. Allegro moderato</subfield>
      <subfield code="g">F-4</subfield>
      <subfield code="m">B coro</subfield>
      <subfield code="n">bBE</subfield>
      <subfield code="o">c</subfield>
      <subfield code="p">=2/4-,BBB/4.B8B4AB/'8.C6C,4B2-/</subfield>
      <subfield code="r">B|b</subfield>
      <subfield code="t">Beatus vir, qui timet Dominum</subfield>
      <subfield code="2">pe</subfield>
      <subfield code="u">32224072</subfield>
      </datafield>
   <datafield tag="031" ind1=" " ind2=" ">
      <subfield code="a">1</subfield>
      <subfield code="b">5</subfield>
      <subfield code="c">1</subfield>
      <subfield code="d">Laudate pueri.. Allegro moderato</subfield>
      <subfield code="g">F-4</subfield>
      <subfield code="m">B coro</subfield>
      <subfield code="n">xFC</subfield>
      <subfield code="o">c</subfield>
      <subfield code="p">=2/2-4-,A/'4.D8D4D8C,B/4.A8F4DD/4.G8A4FD/4.G8AF</subfield>
      <subfield code="r">D</subfield>
      <subfield code="t">Laudate pueri, Dominum laudate nomen Domini</subfield>
      <subfield code="2">pe</subfield>
      <subfield code="u">32224073</subfield>
      </datafield>
   <datafield tag="031" ind1=" " ind2=" ">
      <subfield code="a">1</subfield>
      <subfield code="b">6</subfield>
      <subfield code="c">1</subfield>
      <subfield code="d">Laudate Dominum.. Adagio</subfield>
      <subfield code="g">C-1</subfield>
      <subfield code="m">S coro</subfield>
      <subfield code="n">xFC</subfield>
      <subfield code="o">c/</subfield>
      <subfield code="p">'4A/FG8AA4F/2BA/2.A4G/2F4-</subfield>
      <subfield code="r">D</subfield>
      <subfield code="t">Laudate Dominum, omnes gentes laudate eum omnes populi</subfield>
      <subfield code="2">pe</subfield>
      <subfield code="u">32224074</subfield>
      </datafield>
   <datafield tag="031" ind1=" " ind2=" ">
      <subfield code="a">1</subfield>
      <subfield code="b">7</subfield>
      <subfield code="c">1</subfield>
      <subfield code="d">Magnificat.. Adagio</subfield>
      <subfield code="g">C-1</subfield>
      <subfield code="m">S coro</subfield>
      <subfield code="n">xFC</subfield>
      <subfield code="o">c</subfield>
      <subfield code="p">=3/''2D4CD/'BBAA/2FG/EA/4F-2-/</subfield>
      <subfield code="r">D</subfield>
      <subfield code="t">Magnificat, anima mea Dominum</subfield>
      <subfield code="2">pe</subfield>
      <subfield code="u">32224075</subfield>
      </datafield>
   <datafield tag="041" ind1=" " ind2=" ">
      <subfield code="a">lat</subfield>
   </datafield>
   <datafield tag="100" ind1="1" ind2=" ">
      <subfield code="a">Kirms, Karl Ferdinand</subfield>
      <subfield code="d">1824-1854</subfield>
      <subfield code="0">477433</subfield>
   </datafield>
   <datafield tag="240" ind1="1" ind2="0">
      <subfield code="a">Vespers</subfield>
      <subfield code="m">V (3), Coro, orch, org</subfield>
      <subfield code="r">A</subfield>
   </datafield>
   <datafield tag="245" ind1="1" ind2="0">
      <subfield code="a">[directorium, title page:] Domine, ad adjuvandum me festina; | Ferd. Kirms und Pancr. Rampis | kurze | Vesper in A | Obligat: | Sopran, Alt, Bass (steht auch in der Orgelstimme) | Tenor ad libitum nebst ausgesetzter Orgel. | Nicht obligat: | 2 Violinen, Klarinetten, Hörner, | Trompeten u. Pauken. | Herausgegeben | von | P. RAMPIS | Beneficaten u. Chorregenten | in Donauwörth. | [...]</subfield>
   </datafield>
   <datafield tag="300" ind1=" " ind2=" ">
      <subfield code="8">1\c</subfield>
      <subfield code="a">11 parts: 5, 5, 4, 4, 6, 6, 3, 2, 3, 2, 2, 18p.</subfield>
      <subfield code="c">34 (17) x 27 cm</subfield>
   </datafield>
   <datafield tag="300" ind1=" " ind2=" ">
      <subfield code="8">2\c</subfield>
      <subfield code="a">1 part: 4p.</subfield>
      </datafield>
   <datafield tag="500" ind1=" " ind2=" ">
      <subfield code="a">2. Materialschicht: Die Violonestimme entspricht der Basslage der Orgelstimme</subfield>
   </datafield>
   <datafield tag="510" ind1="1" ind2=" ">
      <subfield code="a">RepertoriumBeromünst</subfield>
      </datafield>
   <datafield tag="590" ind1=" " ind2=" ">
      <subfield code="8">1\c</subfield>
      <subfield code="a">Solo and coro: S, A, B, Coro: T, vl 1, 2, cl 1 and 2 in A, cor 1 and 2 in D and G and B|b, clno 1 and 2 in D, timp in D and A, directorium (= org and V)</subfield>
   </datafield>
   <datafield tag="590" ind1=" " ind2=" ">
      <subfield code="8">2\c</subfield>
      <subfield code="a">vlne</subfield>
      </datafield>
   <datafield tag="593" ind1=" " ind2=" ">
      <subfield code="8">1\c</subfield>
      <subfield code="a">print</subfield>
   </datafield>
   <datafield tag="593" ind1=" " ind2=" ">
      <subfield code="8">2\c</subfield>
      <subfield code="a">manuscript</subfield>
      </datafield>
   <datafield tag="594" ind1=" " ind2=" ">
      <subfield code="a">S, A, B, Coro S, Coro A, Coro T, Coro B, vl 1, vl 2, cl (2), cor (2), tr (2), timp, org</subfield>
   </datafield>
   <datafield tag="650" ind1="0" ind2="0">
      <subfield code="a">Vespers</subfield>
   </datafield>
   <datafield tag="700" ind1="1" ind2=" ">
      <subfield code="8">2\c</subfield>
      <subfield code="a">Herzog, Dominik</subfield>
      <subfield code="0">30007268</subfield>
      <subfield code="4">scr</subfield>
   </datafield>
   <datafield tag="700" ind1="1" ind2=" ">
      <subfield code="a">Rampis, Pancratius</subfield>
      <subfield code="d">1813-1870</subfield>
      <subfield code="0">30008495</subfield>
      <subfield code="4">cmp</subfield>
   </datafield>
   <datafield tag="852" ind1=" " ind2=" ">
      <subfield code="a">CH-BM</subfield>
      <subfield code="c">Mus.Dr.II.303</subfield>
      <subfield code="x">30000005</subfield>
   </datafield>
   </record>