
<record>
   <leader>00000cdd#a2200000###4500</leader>
   <controlfield tag="001">400193725</controlfield>
   <controlfield tag="003">RISM</controlfield>
   <controlfield tag="005">20100923111111.0</controlfield>
   <controlfield tag="008">100924|||||||||gw |||||||||||||||||fre|d</controlfield>
   <datafield tag="031" ind1=" " ind2=" ">
      <subfield code="a">1</subfield>
      <subfield code="b">1</subfield>
      <subfield code="c">1</subfield>
      <subfield code="d">Andante con moto</subfield>
      <subfield code="g">G-2</subfield>
      <subfield code="m">V</subfield>
      <subfield code="n">bB</subfield>
      <subfield code="o">2/4</subfield>
      <subfield code="p">=7/4-{'8.B6A}/4GG/G8.G6G/''2C/'4B8.-6B/4A{''8.C'6A}/4G8.A6G/4F-/</subfield>
      <subfield code="r">F</subfield>
      <subfield code="t">Sur une écorce légère</subfield>
      <subfield code="2">pe</subfield>
      <subfield code="u">30548938</subfield>
      </datafield>
   <datafield tag="041" ind1=" " ind2=" ">
      <subfield code="a">fre</subfield>
   </datafield>
   <datafield tag="100" ind1="1" ind2=" ">
      <subfield code="a">Cherubini, Luigi</subfield>
      <subfield code="d">1760-1842</subfield>
      <subfield code="0">50253</subfield>
   </datafield>
   <datafield tag="240" ind1="1" ind2="0">
      <subfield code="a">Le mystère</subfield>
      <subfield code="m">V, pf</subfield>
      <subfield code="r">F</subfield>
   </datafield>
   <datafield tag="245" ind1="1" ind2="0">
      <subfield code="a">Le Mystere | Ode de Bernard | Mise en Musique | Par L. Cherubini</subfield>
   </datafield>
   <datafield tag="300" ind1=" " ind2=" ">
      <subfield code="8">1\c</subfield>
      <subfield code="a">score: p.127-128</subfield>
      </datafield>
   <datafield tag="593" ind1=" " ind2=" ">
      <subfield code="8">1\c</subfield>
      <subfield code="a">manuscript</subfield>
   </datafield>
   <datafield tag="594" ind1=" " ind2=" ">
      <subfield code="a">V, pf</subfield>
   </datafield>
   <datafield tag="650" ind1="0" ind2="0">
      <subfield code="a">Romances (voc.)</subfield>
   </datafield>
   <datafield tag="700" ind1="1" ind2=" ">
      <subfield code="a">Bernard</subfield>
      <subfield code="0">30028854</subfield>
      <subfield code="4">lyr</subfield>
   </datafield>
   <datafield tag="773" ind1="0" ind2=" ">
      <subfield code="a">400011223</subfield>
   </datafield>
   <datafield tag="852" ind1=" " ind2=" ">
      <subfield code="a">CH-AR</subfield>
      <subfield code="c">Mus Ms A 35 (Ms.7327)</subfield>
      <subfield code="x">30000002</subfield>
   </datafield>
   </record>