
<record>
   <leader>00000cdc#a2200000###4500</leader>
   <controlfield tag="001">403006104</controlfield>
   <controlfield tag="003">RISM</controlfield>
   <controlfield tag="005">20100921111111.0</controlfield>
   <controlfield tag="008">100922|||||||||gw |||||||||||||||||||||d</controlfield>
   <datafield tag="100" ind1="1" ind2=" ">
      <subfield code="a">Collection</subfield>
      </datafield>
   <datafield tag="240" ind1="1" ind2="0">
      <subfield code="a">34 Partsongs</subfield>
      <subfield code="m">V (2), Coro fanciulli</subfield>
      </datafield>
   <datafield tag="245" ind1="1" ind2="0">
      <subfield code="a">[title page:] Zweistimmige Schweizerlieder | für die | vaterländische Jugend. | Herausgegeben | von | Friedrich Dolmetsch. | Dritte Auflage. | Zürich, Druck und Verlag von Orell, Füssli und Comp.</subfield>
   </datafield>
   <datafield tag="300" ind1=" " ind2=" ">
      <subfield code="8">1\c</subfield>
      <subfield code="a">score: 36p.</subfield>
      <subfield code="c">11,5 x 19 cm</subfield>
   </datafield>
   <datafield tag="593" ind1=" " ind2=" ">
      <subfield code="8">1\c</subfield>
      <subfield code="a">print</subfield>
   </datafield>
   <datafield tag="594" ind1=" " ind2=" ">
      <subfield code="a">S, A, Coro S, Coro A</subfield>
   </datafield>
   <datafield tag="700" ind1="1" ind2=" ">
      <subfield code="a">Dolmetsch, Friedrich</subfield>
      <subfield code="d">1782-1861</subfield>
      <subfield code="0">30022393</subfield>
      <subfield code="4">asn</subfield>
   </datafield>
   <datafield tag="762" ind1="0" ind2=" ">
      <subfield code="w">403006105</subfield>
   </datafield>
   <datafield tag="762" ind1="0" ind2=" ">
      <subfield code="w">403006106</subfield>
   </datafield>
   <datafield tag="762" ind1="0" ind2=" ">
      <subfield code="w">403006107</subfield>
   </datafield>
   <datafield tag="762" ind1="0" ind2=" ">
      <subfield code="w">403006108</subfield>
   </datafield>
   <datafield tag="762" ind1="0" ind2=" ">
      <subfield code="w">403006109</subfield>
   </datafield>
   <datafield tag="762" ind1="0" ind2=" ">
      <subfield code="w">403006111</subfield>
   </datafield>
   <datafield tag="762" ind1="0" ind2=" ">
      <subfield code="w">403006112</subfield>
   </datafield>
   <datafield tag="762" ind1="0" ind2=" ">
      <subfield code="w">403006113</subfield>
   </datafield>
   <datafield tag="762" ind1="0" ind2=" ">
      <subfield code="w">403006114</subfield>
   </datafield>
   <datafield tag="762" ind1="0" ind2=" ">
      <subfield code="w">403006115</subfield>
   </datafield>
   <datafield tag="762" ind1="0" ind2=" ">
      <subfield code="w">403006116</subfield>
   </datafield>
   <datafield tag="762" ind1="0" ind2=" ">
      <subfield code="w">403006117</subfield>
   </datafield>
   <datafield tag="762" ind1="0" ind2=" ">
      <subfield code="w">403006118</subfield>
   </datafield>
   <datafield tag="762" ind1="0" ind2=" ">
      <subfield code="w">403006119</subfield>
   </datafield>
   <datafield tag="762" ind1="0" ind2=" ">
      <subfield code="w">403006120</subfield>
   </datafield>
   <datafield tag="762" ind1="0" ind2=" ">
      <subfield code="w">403006121</subfield>
   </datafield>
   <datafield tag="762" ind1="0" ind2=" ">
      <subfield code="w">403006122</subfield>
   </datafield>
   <datafield tag="762" ind1="0" ind2=" ">
      <subfield code="w">403006123</subfield>
   </datafield>
   <datafield tag="762" ind1="0" ind2=" ">
      <subfield code="w">403006124</subfield>
   </datafield>
   <datafield tag="762" ind1="0" ind2=" ">
      <subfield code="w">403006125</subfield>
   </datafield>
   <datafield tag="762" ind1="0" ind2=" ">
      <subfield code="w">403006126</subfield>
   </datafield>
   <datafield tag="762" ind1="0" ind2=" ">
      <subfield code="w">403006127</subfield>
   </datafield>
   <datafield tag="762" ind1="0" ind2=" ">
      <subfield code="w">403006128</subfield>
   </datafield>
   <datafield tag="762" ind1="0" ind2=" ">
      <subfield code="w">403006129</subfield>
   </datafield>
   <datafield tag="762" ind1="0" ind2=" ">
      <subfield code="w">403006130</subfield>
   </datafield>
   <datafield tag="762" ind1="0" ind2=" ">
      <subfield code="w">403006131</subfield>
   </datafield>
   <datafield tag="762" ind1="0" ind2=" ">
      <subfield code="w">403006132</subfield>
   </datafield>
   <datafield tag="762" ind1="0" ind2=" ">
      <subfield code="w">403006133</subfield>
   </datafield>
   <datafield tag="762" ind1="0" ind2=" ">
      <subfield code="w">403006134</subfield>
   </datafield>
   <datafield tag="762" ind1="0" ind2=" ">
      <subfield code="w">403006135</subfield>
   </datafield>
   <datafield tag="762" ind1="0" ind2=" ">
      <subfield code="w">403006136</subfield>
   </datafield>
   <datafield tag="762" ind1="0" ind2=" ">
      <subfield code="w">403006137</subfield>
   </datafield>
   <datafield tag="762" ind1="0" ind2=" ">
      <subfield code="w">403006138</subfield>
   </datafield>
   <datafield tag="762" ind1="0" ind2=" ">
      <subfield code="w">403006110</subfield>
   </datafield>
   <datafield tag="852" ind1=" " ind2=" ">
      <subfield code="a">CH-E</subfield>
      <subfield code="c">301,18</subfield>
      <subfield code="x">30000006</subfield>
   </datafield>
   </record>