
<record>
   <leader>00000cdd#a2200000###4500</leader>
   <controlfield tag="001">400173199</controlfield>
   <controlfield tag="003">RISM</controlfield>
   <controlfield tag="005">20100408111111.0</controlfield>
   <controlfield tag="008">100416|||||||||gw |||||||||||||||||ger|d</controlfield>
   <datafield tag="031" ind1=" " ind2=" ">
      <subfield code="a">1</subfield>
      <subfield code="b">1</subfield>
      <subfield code="c">1</subfield>
      <subfield code="g">G-3</subfield>
      <subfield code="m">S</subfield>
      <subfield code="o">c/</subfield>
      <subfield code="p">9--''2C1C'2G1G2E1F2D1E''2C'4BAB''C'2B''CDD1E</subfield>
      <subfield code="t">O Fried wo find' man dich</subfield>
      <subfield code="2">pe</subfield>
      <subfield code="u">30543833</subfield>
      </datafield>
   <datafield tag="041" ind1=" " ind2=" ">
      <subfield code="a">ger</subfield>
   </datafield>
   <datafield tag="100" ind1="1" ind2=" ">
      <subfield code="a">Anonymus</subfield>
      <subfield code="0">30004985</subfield>
   </datafield>
   <datafield tag="240" ind1="1" ind2="0">
      <subfield code="a">O Fried wo find' man dich</subfield>
      <subfield code="m">V (X)</subfield>
      </datafield>
   <datafield tag="245" ind1="1" ind2="0">
      <subfield code="a">[caption title:] Traurgesang über den verlornen Friden</subfield>
   </datafield>
   <datafield tag="300" ind1=" " ind2=" ">
      <subfield code="8">1\c</subfield>
      <subfield code="a">1 part: p.52</subfield>
      </datafield>
   <datafield tag="500" ind1=" " ind2=" ">
      <subfield code="8">1\c</subfield>
      <subfield code="a">other parts missing</subfield>
   </datafield>
   <datafield tag="510" ind1="1" ind2=" ">
      <subfield code="a">GagliardiH 1937</subfield>
      <subfield code="c">clm.672</subfield>
      </datafield>
   <datafield tag="590" ind1=" " ind2=" ">
      <subfield code="8">1\c</subfield>
      <subfield code="a">S</subfield>
   </datafield>
   <datafield tag="593" ind1=" " ind2=" ">
      <subfield code="8">1\c</subfield>
      <subfield code="a">manuscript</subfield>
   </datafield>
   <datafield tag="594" ind1=" " ind2=" ">
      <subfield code="a">V (X)</subfield>
   </datafield>
   <datafield tag="650" ind1="0" ind2="0">
      <subfield code="a">Lieder</subfield>
   </datafield>
   <datafield tag="773" ind1="0" ind2=" ">
      <subfield code="a">400173166</subfield>
   </datafield>
   <datafield tag="852" ind1=" " ind2=" ">
      <subfield code="a">CH-Zz</subfield>
      <subfield code="c">Mscr. G 481 (Ms.7564)</subfield>
      <subfield code="x">30000014</subfield>
   </datafield>
   </record>