
<record>
   <leader>00000cdd#a2200000###4500</leader>
   <controlfield tag="001">400108200</controlfield>
   <controlfield tag="003">RISM</controlfield>
   <controlfield tag="005">20100224111111.0</controlfield>
   <controlfield tag="008">100322s1867||||gw |||||||||||||||||lat|d</controlfield>
   <datafield tag="031" ind1=" " ind2=" ">
      <subfield code="a">1</subfield>
      <subfield code="b">1</subfield>
      <subfield code="c">1</subfield>
      <subfield code="d">Allegro con moto</subfield>
      <subfield code="g">G-2</subfield>
      <subfield code="m">vl 1</subfield>
      <subfield code="n">xFCG</subfield>
      <subfield code="o">c</subfield>
      <subfield code="p">=1/2-4-'E/AB''CE/A{8GF}4EF/EC'B{8AG}/2A4E-/</subfield>
      <subfield code="q">Taktart ermittelt</subfield>
      <subfield code="r">A</subfield>
      <subfield code="2">pe</subfield>
      <subfield code="u">30536454</subfield>
      </datafield>
   <datafield tag="031" ind1=" " ind2=" ">
      <subfield code="a">1</subfield>
      <subfield code="b">1</subfield>
      <subfield code="c">2</subfield>
      <subfield code="g">C-1</subfield>
      <subfield code="m">S solo</subfield>
      <subfield code="n">xFCG</subfield>
      <subfield code="o">c</subfield>
      <subfield code="p">=5/2-4-'8EE/4AB''CE/A{8GF}4E8EE/4EF'B{8''CD}/4.D'8B''4C</subfield>
      <subfield code="r">A</subfield>
      <subfield code="t">Jubilate Deo omnis terra, psalmum dicite nomini ejus</subfield>
      <subfield code="2">pe</subfield>
      <subfield code="u">30536455</subfield>
      </datafield>
   <datafield tag="041" ind1=" " ind2=" ">
      <subfield code="a">lat</subfield>
   </datafield>
   <datafield tag="100" ind1="1" ind2=" ">
      <subfield code="a">Kempter, Karl</subfield>
      <subfield code="d">1819-1871</subfield>
      <subfield code="0">30004215</subfield>
   </datafield>
   <datafield tag="240" ind1="1" ind2="0">
      <subfield code="a">Jubilate Deo omnis terra</subfield>
      <subfield code="m">V (4), Coro, orch, org</subfield>
      <subfield code="r">A</subfield>
   </datafield>
   <datafield tag="245" ind1="1" ind2="0">
      <subfield code="a">[dust cover title:] Offertorium | |: Jubilate :| | mit 4 Singstimmen 2 Violin, Viola, Violon und Orgel obligat | Violoncell ad libitum | Flöte 2 Clarinetten in A. 2 Hörner 2 Trompeten, | und Pauken nicht obligat | von | K. Kempter | op. 22. | [at bottom:] Scrips. D. Herzog Chorreg. | anno 1867</subfield>
   </datafield>
   <datafield tag="260" ind1=" " ind2=" ">
      <subfield code="8">1\c</subfield>
      <subfield code="c">1867 (1867)</subfield>
   </datafield>
   <datafield tag="300" ind1=" " ind2=" ">
      <subfield code="8">1\c</subfield>
      <subfield code="a">16 parts: 3, 2, 2, 2, 2, 2, 2, 2, 2, 2, 2, 2, 2, 1, 1, 2p.</subfield>
      <subfield code="c">Different sizes</subfield>
   </datafield>
   <datafield tag="383" ind1=" " ind2=" ">
      <subfield code="b">op.22</subfield>
   </datafield>
   <datafield tag="510" ind1="1" ind2=" ">
      <subfield code="a">RepertoriumBeromünst</subfield>
      </datafield>
   <datafield tag="590" ind1=" " ind2=" ">
      <subfield code="8">1\c</subfield>
      <subfield code="a">Solo and coro: S 1 and 2, A, T, B, vl 1, 2, vla, vlne, vlc and vlne and org (= bc.fig), fl, cl 1 in A (2x), cl 2 in A, cor 1, 2 in A, timp in D and A</subfield>
   </datafield>
   <datafield tag="593" ind1=" " ind2=" ">
      <subfield code="8">1\c</subfield>
      <subfield code="a">manuscript</subfield>
   </datafield>
   <datafield tag="594" ind1=" " ind2=" ">
      <subfield code="a">S, A, T, B, S 2 (A), Coro S, Coro A, Coro T, Coro B, vl 1, vl 2, vla, vlc, b, fl, cl (2), cor (2), timp, org, bc: org, b, bc: vlne</subfield>
   </datafield>
   <datafield tag="650" ind1="0" ind2="0">
      <subfield code="a">Offertories</subfield>
   </datafield>
   <datafield tag="700" ind1="1" ind2=" ">
      <subfield code="8">1\c</subfield>
      <subfield code="a">Herzog, Dominik</subfield>
      <subfield code="0">30007268</subfield>
      <subfield code="4">scr</subfield>
   </datafield>
   <datafield tag="852" ind1=" " ind2=" ">
      <subfield code="a">CH-BM</subfield>
      <subfield code="c">Mus.Ms.128</subfield>
      <subfield code="x">30000005</subfield>
   </datafield>
   </record>