
<record>
   <leader>00000cdd#a2200000###4500</leader>
   <controlfield tag="001">400108202</controlfield>
   <controlfield tag="003">RISM</controlfield>
   <controlfield tag="005">20100224111111.0</controlfield>
   <controlfield tag="008">100322s1861||||gw |||||||||||||||||lat|d</controlfield>
   <datafield tag="031" ind1=" " ind2=" ">
      <subfield code="a">1</subfield>
      <subfield code="b">1</subfield>
      <subfield code="c">1</subfield>
      <subfield code="d">Adagio non troppo</subfield>
      <subfield code="g">F-4</subfield>
      <subfield code="m">B</subfield>
      <subfield code="n">bBEA</subfield>
      <subfield code="o">c</subfield>
      <subfield code="p">2-4-//:,4G/4.F8D4EB/4.B8F4G-/'E{8DC},4B{8FA}/4GF-</subfield>
      <subfield code="r">E|b</subfield>
      <subfield code="t">Maria ave maris stella, Maria Dei mater alma</subfield>
      <subfield code="2">pe</subfield>
      <subfield code="u">30536460</subfield>
      </datafield>
   <datafield tag="041" ind1=" " ind2=" ">
      <subfield code="a">lat</subfield>
   </datafield>
   <datafield tag="100" ind1="1" ind2=" ">
      <subfield code="a">Kempter, Karl</subfield>
      <subfield code="d">1819-1871</subfield>
      <subfield code="0">30004215</subfield>
   </datafield>
   <datafield tag="240" ind1="1" ind2="0">
      <subfield code="a">Maria ave maris stella</subfield>
      <subfield code="m">A, strings, winds, bc</subfield>
      <subfield code="r">E|b</subfield>
   </datafield>
   <datafield tag="245" ind1="1" ind2="0">
      <subfield code="a">[dust cover title:] Ave maris stella | für | Alto oder Basso Solo | mit | 2 Violin, Viola, Basso, Organo | Flauto (ad lib.) 2 Clarinett. 2 Corni | oder | Orgel Solo | par | Kempter. | op. 27 | [at bottom:] Propr. D. Herzog 1861</subfield>
   </datafield>
   <datafield tag="260" ind1=" " ind2=" ">
      <subfield code="8">1\c</subfield>
      <subfield code="c">1861 (1861)</subfield>
   </datafield>
   <datafield tag="300" ind1=" " ind2=" ">
      <subfield code="8">1\c</subfield>
      <subfield code="a">10 parts: 2, 1, 1, 1, 1, 1, 1, 1, 1, 1p.</subfield>
      <subfield code="c">Different sizes</subfield>
   </datafield>
   <datafield tag="383" ind1=" " ind2=" ">
      <subfield code="b">op.27</subfield>
   </datafield>
   <datafield tag="510" ind1="1" ind2=" ">
      <subfield code="a">RepertoriumBeromünst</subfield>
      </datafield>
   <datafield tag="590" ind1=" " ind2=" ">
      <subfield code="8">1\c</subfield>
      <subfield code="a">A or B, vl 1, 2, vla, vlne and org (= b.fig) (2x), fl, cl 1 and 2 in C, cor 1 and 2 in E|b, org</subfield>
   </datafield>
   <datafield tag="593" ind1=" " ind2=" ">
      <subfield code="8">1\c</subfield>
      <subfield code="a">manuscript</subfield>
   </datafield>
   <datafield tag="594" ind1=" " ind2=" ">
      <subfield code="a">B, A (B), vl 1, vl 2, vla, b, fl, cl (2), cor (2), org (orch), org, b, bc: org</subfield>
   </datafield>
   <datafield tag="650" ind1="0" ind2="0">
      <subfield code="a">Offertories</subfield>
   </datafield>
   <datafield tag="700" ind1="1" ind2=" ">
      <subfield code="8">1\c</subfield>
      <subfield code="a">Herzog, Dominik</subfield>
      <subfield code="0">30007268</subfield>
      <subfield code="4">scr</subfield>
   </datafield>
   <datafield tag="700" ind1="1" ind2=" ">
      <subfield code="a">Herzog, Dominik</subfield>
      <subfield code="d">1877+</subfield>
      <subfield code="0">30007268</subfield>
      <subfield code="4">fmo</subfield>
   </datafield>
   <datafield tag="852" ind1=" " ind2=" ">
      <subfield code="a">CH-BM</subfield>
      <subfield code="c">Mus.Ms.130</subfield>
      <subfield code="x">30000005</subfield>
   </datafield>
   </record>