
<record>
   <leader>00000cdd#a2200000###4500</leader>
   <controlfield tag="001">400108201</controlfield>
   <controlfield tag="003">RISM</controlfield>
   <controlfield tag="005">20100224111111.0</controlfield>
   <controlfield tag="008">100322k18401860gw |||||||||||||||||lat|d</controlfield>
   <datafield tag="031" ind1=" " ind2=" ">
      <subfield code="a">1</subfield>
      <subfield code="b">1</subfield>
      <subfield code="c">1</subfield>
      <subfield code="d">Allegretto</subfield>
      <subfield code="g">G-2</subfield>
      <subfield code="m">cl princ</subfield>
      <subfield code="n">xF</subfield>
      <subfield code="o">6/8</subfield>
      <subfield code="p">=2/'4.G4A8D/i/{GB''C}{D'B''D}/4.G+{8GFE}/4.D</subfield>
      <subfield code="r">G</subfield>
      <subfield code="2">pe</subfield>
      <subfield code="u">30536457</subfield>
      </datafield>
   <datafield tag="031" ind1=" " ind2=" ">
      <subfield code="a">1</subfield>
      <subfield code="b">1</subfield>
      <subfield code="c">2</subfield>
      <subfield code="d">Andante</subfield>
      <subfield code="g">F-4</subfield>
      <subfield code="m">B</subfield>
      <subfield code="n">xF</subfield>
      <subfield code="o">6/8</subfield>
      <subfield code="p">=23/4-8-(4-),8D/4G8A4B'8D/{C,F}A4D8D/4G8A4B'8D/{C,F}A4D</subfield>
      <subfield code="r">G</subfield>
      <subfield code="t">Agnoscat omne saeculum, venisse vitae premium</subfield>
      <subfield code="2">pe</subfield>
      <subfield code="u">30536458</subfield>
      </datafield>
   <datafield tag="041" ind1=" " ind2=" ">
      <subfield code="a">lat</subfield>
   </datafield>
   <datafield tag="100" ind1="1" ind2=" ">
      <subfield code="a">Kempter, Karl</subfield>
      <subfield code="d">1819-1871</subfield>
      <subfield code="0">30004215</subfield>
   </datafield>
   <datafield tag="240" ind1="1" ind2="0">
      <subfield code="a">Agnoscat omne saeculum</subfield>
      <subfield code="m">V (3), cl princ, orch, bc</subfield>
      <subfield code="r">G</subfield>
   </datafield>
   <datafield tag="245" ind1="1" ind2="0">
      <subfield code="a">[dust cover title:] Pastoral | Offertorium | für | C oder A Clarinett-Solo | Sopran, Alt, Bass. | 2 Violinen, Viola, Violon u Orgel oblig. | 1 Flöte, 2|t|e Clarinett, 2 Hörner &amp; Violoncel. n. oblig. | von | Karl Kempter. | op. 26 | [at bottom:] Dom. Herzog. | Chorregent.</subfield>
   </datafield>
   <datafield tag="260" ind1=" " ind2=" ">
      <subfield code="8">1\c</subfield>
      <subfield code="c">1840-1860 (19.me)</subfield>
   </datafield>
   <datafield tag="300" ind1=" " ind2=" ">
      <subfield code="8">1\c</subfield>
      <subfield code="a">15 parts: 2, 2, 2, 2, 2, 2, 2, 2, 2, 1, 2, 2, 2, 1, 1p.</subfield>
      <subfield code="c">Different sizes</subfield>
   </datafield>
   <datafield tag="383" ind1=" " ind2=" ">
      <subfield code="b">op.26</subfield>
   </datafield>
   <datafield tag="510" ind1="1" ind2=" ">
      <subfield code="a">RepertoriumBeromünst</subfield>
      </datafield>
   <datafield tag="590" ind1=" " ind2=" ">
      <subfield code="8">1\c</subfield>
      <subfield code="a">S, A, B, directorium (= V and vl princ), vl 1, 2, vla, vlc, vlne, org (= b.fig), fl, cl princ in A or C, cl 2 in C, cor 1 in G, cor 2 in C</subfield>
   </datafield>
   <datafield tag="593" ind1=" " ind2=" ">
      <subfield code="8">1\c</subfield>
      <subfield code="a">manuscript</subfield>
   </datafield>
   <datafield tag="594" ind1=" " ind2=" ">
      <subfield code="a">S, A, B, vl 1, vl 2, vla, vlc, b, fl, cl, cor (2), cl princ, vl princ (cl princ), org, b, bc: org</subfield>
   </datafield>
   <datafield tag="650" ind1="0" ind2="0">
      <subfield code="a">Offertories</subfield>
   </datafield>
   <datafield tag="700" ind1="1" ind2=" ">
      <subfield code="8">1\c</subfield>
      <subfield code="a">Herzog, Dominik</subfield>
      <subfield code="0">30007268</subfield>
      <subfield code="4">scr</subfield>
   </datafield>
   <datafield tag="852" ind1=" " ind2=" ">
      <subfield code="a">CH-BM</subfield>
      <subfield code="c">Mus.Ms.129</subfield>
      <subfield code="x">30000005</subfield>
   </datafield>
   </record>