
<record>
   <leader>00000cdd#a2200000###4500</leader>
   <controlfield tag="001">403009744</controlfield>
   <controlfield tag="003">RISM</controlfield>
   <controlfield tag="005">20100304111111.0</controlfield>
   <controlfield tag="008">100322|||||||||gw |||||||||||||||||gsw|d</controlfield>
   <datafield tag="031" ind1=" " ind2=" ">
      <subfield code="a">1</subfield>
      <subfield code="b">1</subfield>
      <subfield code="c">1</subfield>
      <subfield code="d">Fröhlich bewegt</subfield>
      <subfield code="g">G-2</subfield>
      <subfield code="m">V</subfield>
      <subfield code="n">bBEAD</subfield>
      <subfield code="o">3/4</subfield>
      <subfield code="p">'8-/=3/4--8-E/{8.6EF}{8G''D}{8.6C'B}/2A</subfield>
      <subfield code="r">A|b</subfield>
      <subfield code="t">In Grindelwald den Gletschren by</subfield>
      <subfield code="2">pe</subfield>
      <subfield code="u">30615571</subfield>
      </datafield>
   <datafield tag="041" ind1=" " ind2=" ">
      <subfield code="a">gsw</subfield>
   </datafield>
   <datafield tag="100" ind1="1" ind2=" ">
      <subfield code="a">Krenger, Johann Rudolf</subfield>
      <subfield code="d">1854-1925</subfield>
      <subfield code="0">30022456</subfield>
   </datafield>
   <datafield tag="240" ind1="1" ind2="0">
      <subfield code="a">Grindelwalderlied</subfield>
      <subfield code="m">V, pf</subfield>
      <subfield code="r">A|b</subfield>
   </datafield>
   <datafield tag="245" ind1="1" ind2="0">
      <subfield code="a">[caption title:] 49. Grindelwalderlied | Gottfried Strasser, der "Gletscherpfarrer" von Grindelwald (1854-1912) | Klaviersatz des Komponisten | J. Rud. Krenger, op.18. No.4 | (1854-1925)</subfield>
   </datafield>
   <datafield tag="300" ind1=" " ind2=" ">
      <subfield code="8">1\c</subfield>
      <subfield code="a">1 part: p.106-108</subfield>
      </datafield>
   <datafield tag="383" ind1=" " ind2=" ">
      <subfield code="b">op.18/4</subfield>
   </datafield>
   <datafield tag="590" ind1=" " ind2=" ">
      <subfield code="8">1\c</subfield>
      <subfield code="a">V and pf</subfield>
   </datafield>
   <datafield tag="593" ind1=" " ind2=" ">
      <subfield code="8">1\c</subfield>
      <subfield code="a">print</subfield>
   </datafield>
   <datafield tag="594" ind1=" " ind2=" ">
      <subfield code="a">V, pf</subfield>
   </datafield>
   <datafield tag="650" ind1="0" ind2="0">
      <subfield code="a">Folk songs</subfield>
   </datafield>
   <datafield tag="700" ind1="1" ind2=" ">
      <subfield code="a">Strasser, Gottfried</subfield>
      <subfield code="0">30045931</subfield>
      <subfield code="4">lyr</subfield>
   </datafield>
   <datafield tag="773" ind1="0" ind2=" ">
      <subfield code="a">403009689</subfield>
   </datafield>
   <datafield tag="852" ind1=" " ind2=" ">
      <subfield code="a">CH-E</subfield>
      <subfield code="c">Mw 646,1</subfield>
      <subfield code="x">30000006</subfield>
   </datafield>
   </record>