
<record>
   <leader>00000cdd#a2200000###4500</leader>
   <controlfield tag="001">400108212</controlfield>
   <controlfield tag="003">RISM</controlfield>
   <controlfield tag="005">20100224111111.0</controlfield>
   <controlfield tag="008">100322k18401860gw |||||||||||||||||lat|d</controlfield>
   <datafield tag="031" ind1=" " ind2=" ">
      <subfield code="a">1</subfield>
      <subfield code="b">1</subfield>
      <subfield code="c">1</subfield>
      <subfield code="d">Moderato</subfield>
      <subfield code="g">G-2</subfield>
      <subfield code="m">vl 1</subfield>
      <subfield code="n">xFCG</subfield>
      <subfield code="o">c</subfield>
      <subfield code="p">''4E/8C-4E8'B-''4E/'A''A{8AGAF}/{EC'AF}4E</subfield>
      <subfield code="r">A</subfield>
      <subfield code="2">pe</subfield>
      <subfield code="u">30536498</subfield>
      </datafield>
   <datafield tag="031" ind1=" " ind2=" ">
      <subfield code="a">1</subfield>
      <subfield code="b">1</subfield>
      <subfield code="c">2</subfield>
      <subfield code="g">C-1</subfield>
      <subfield code="m">S</subfield>
      <subfield code="n">xFCG</subfield>
      <subfield code="o">c</subfield>
      <subfield code="p">4-/=3/2-4-''4E/CE'B''E/'2.A''4F/4.E8C'4A{8BxB}/2xB4''C8EE/4xD'B''EnD/CE</subfield>
      <subfield code="r">A</subfield>
      <subfield code="t">Adjutor et susceptor meus, es tu Domine</subfield>
      <subfield code="2">pe</subfield>
      <subfield code="u">30536499</subfield>
      </datafield>
   <datafield tag="041" ind1=" " ind2=" ">
      <subfield code="a">lat</subfield>
   </datafield>
   <datafield tag="100" ind1="1" ind2=" ">
      <subfield code="a">Krenn, Franz</subfield>
      <subfield code="d">1816-1897</subfield>
      <subfield code="0">30001788</subfield>
   </datafield>
   <datafield tag="240" ind1="1" ind2="0">
      <subfield code="a">Adjutor et susceptor meus</subfield>
      <subfield code="m">Coro, strings</subfield>
      <subfield code="r">A</subfield>
   </datafield>
   <datafield tag="245" ind1="1" ind2="0">
      <subfield code="a">[dust cover title:] Offertorium | |: Adjutor et Susceptor meus :| | Canto, Alto, Tenore, Basso | 2 Violin, Viola, Violonc. obl. et Basso | par | Fr. Krenn. | op. 49. | [at bottom:] Eigenthum v. Dom. Herzog Münster</subfield>
   </datafield>
   <datafield tag="260" ind1=" " ind2=" ">
      <subfield code="8">1\c</subfield>
      <subfield code="c">1840-1860 (19.me)</subfield>
   </datafield>
   <datafield tag="260" ind1=" " ind2=" ">
      <subfield code="8">2\c</subfield>
      <subfield code="c">1840-1860</subfield>
      </datafield>
   <datafield tag="300" ind1=" " ind2=" ">
      <subfield code="8">1\c</subfield>
      <subfield code="a">10 parts: 2, 2, 2, 2, 2, 2, 2, 2, 2, 2p.</subfield>
      <subfield code="c">Different sizes</subfield>
   </datafield>
   <datafield tag="300" ind1=" " ind2=" ">
      <subfield code="8">2\c</subfield>
      <subfield code="a">6 parts: 2, 2, 2, 2, 2, 2p.</subfield>
      <subfield code="c">34 x 25 cm</subfield>
   </datafield>
   <datafield tag="383" ind1=" " ind2=" ">
      <subfield code="b">op.49</subfield>
   </datafield>
   <datafield tag="510" ind1="1" ind2=" ">
      <subfield code="a">RepertoriumBeromünst</subfield>
      </datafield>
   <datafield tag="590" ind1=" " ind2=" ">
      <subfield code="8">1\c</subfield>
      <subfield code="a">S, A, T, B, vl 1, 2, vla, vlc, b, org</subfield>
   </datafield>
   <datafield tag="590" ind1=" " ind2=" ">
      <subfield code="8">2\c</subfield>
      <subfield code="a">S (2x), A (2x), T, B</subfield>
      </datafield>
   <datafield tag="593" ind1=" " ind2=" ">
      <subfield code="8">1\c</subfield>
      <subfield code="a">manuscript</subfield>
   </datafield>
   <datafield tag="593" ind1=" " ind2=" ">
      <subfield code="8">2\c</subfield>
      <subfield code="a">manuscript</subfield>
      </datafield>
   <datafield tag="594" ind1=" " ind2=" ">
      <subfield code="a">Coro S, Coro A, Coro T, Coro B, vl 1, vl 2, vla, vlc, b, org (strings)</subfield>
   </datafield>
   <datafield tag="650" ind1="0" ind2="0">
      <subfield code="a">Offertories</subfield>
   </datafield>
   <datafield tag="700" ind1="1" ind2=" ">
      <subfield code="8">1\c</subfield>
      <subfield code="a">Herzog, Dominik</subfield>
      <subfield code="0">30007268</subfield>
      <subfield code="4">scr</subfield>
   </datafield>
   <datafield tag="700" ind1="1" ind2=" ">
      <subfield code="a">Herzog, Dominik</subfield>
      <subfield code="d">1877+</subfield>
      <subfield code="0">30007268</subfield>
      <subfield code="4">fmo</subfield>
   </datafield>
   <datafield tag="852" ind1=" " ind2=" ">
      <subfield code="a">CH-BM</subfield>
      <subfield code="c">Mus.Ms.138</subfield>
      <subfield code="x">30000005</subfield>
   </datafield>
   </record>