
<record>
   <leader>00000cdd#a2200000###4500</leader>
   <controlfield tag="001">400006532</controlfield>
   <controlfield tag="003">RISM</controlfield>
   <controlfield tag="005">20100224111111.0</controlfield>
   <controlfield tag="008">100322|||||||||gw |||||||||||||||||||||d</controlfield>
   <datafield tag="031" ind1=" " ind2=" ">
      <subfield code="a">1</subfield>
      <subfield code="b">1</subfield>
      <subfield code="c">1</subfield>
      <subfield code="d">Non presto</subfield>
      <subfield code="g">G-2</subfield>
      <subfield code="m">fl 1</subfield>
      <subfield code="n">xF</subfield>
      <subfield code="o">2/4</subfield>
      <subfield code="p">''8D/'''4DC/''6B'''D''8B4-/DC/'6B''D'8B-''3GAB'''C/</subfield>
      <subfield code="r">G</subfield>
      <subfield code="2">pe</subfield>
      <subfield code="u">30488686</subfield>
      </datafield>
   <datafield tag="031" ind1=" " ind2=" ">
      <subfield code="a">1</subfield>
      <subfield code="b">2</subfield>
      <subfield code="c">1</subfield>
      <subfield code="d">Andante</subfield>
      <subfield code="o">c</subfield>
      <subfield code="u">30488687</subfield>
      </datafield>
   <datafield tag="031" ind1=" " ind2=" ">
      <subfield code="a">1</subfield>
      <subfield code="b">3</subfield>
      <subfield code="c">1</subfield>
      <subfield code="d">Allegro</subfield>
      <subfield code="o">3/8</subfield>
      <subfield code="u">30488688</subfield>
      </datafield>
   <datafield tag="100" ind1="1" ind2=" ">
      <subfield code="a">Jommelli, Niccolò</subfield>
      <subfield code="d">1714-1774</subfield>
      <subfield code="0">118329</subfield>
   </datafield>
   <datafield tag="240" ind1="1" ind2="0">
      <subfield code="a">Trios</subfield>
      <subfield code="m">fl (2), b</subfield>
      <subfield code="r">G</subfield>
   </datafield>
   <datafield tag="245" ind1="1" ind2="0">
      <subfield code="a">Trio | à Flautto Traverso Prima &amp; Secondo | &amp; Basso | Del Sig|r Nicolò Jommelli | [...]</subfield>
   </datafield>
   <datafield tag="300" ind1=" " ind2=" ">
      <subfield code="8">1\c</subfield>
      <subfield code="a">3 parts</subfield>
      <subfield code="c">in quer-4</subfield>
   </datafield>
   <datafield tag="510" ind1="1" ind2=" ">
      <subfield code="a">SarasinKatalog 1800</subfield>
      <subfield code="c">no.145</subfield>
   </datafield>
   <datafield tag="510" ind1="1" ind2=" ">
      <subfield code="a">RefardtB 1957</subfield>
      <subfield code="c">p.28</subfield>
   </datafield>
   <datafield tag="590" ind1=" " ind2=" ">
      <subfield code="8">1\c</subfield>
      <subfield code="a">fl 1, 2, b</subfield>
   </datafield>
   <datafield tag="593" ind1=" " ind2=" ">
      <subfield code="8">1\c</subfield>
      <subfield code="a">manuscript</subfield>
   </datafield>
   <datafield tag="594" ind1=" " ind2=" ">
      <subfield code="a">fl (2), b</subfield>
   </datafield>
   <datafield tag="650" ind1="0" ind2="0">
      <subfield code="a">Trios (instr.)</subfield>
   </datafield>
   <datafield tag="700" ind1="1" ind2=" ">
      <subfield code="a">Sarasin, Lukas</subfield>
      <subfield code="d">1730-1802</subfield>
      <subfield code="0">30002825</subfield>
      <subfield code="4">fmo</subfield>
   </datafield>
   <datafield tag="852" ind1=" " ind2=" ">
      <subfield code="a">CH-Bu</subfield>
      <subfield code="c">kr IV 167 (Ms.157)</subfield>
      <subfield code="x">30000003</subfield>
   </datafield>
   </record>