
<record>
   <leader>00000cdd#a2200000###4500</leader>
   <controlfield tag="001">403001808</controlfield>
   <controlfield tag="003">RISM</controlfield>
   <controlfield tag="005">20100304111111.0</controlfield>
   <controlfield tag="008">100322|||||||||gw |||||||||||||||||gsw|d</controlfield>
   <datafield tag="031" ind1=" " ind2=" ">
      <subfield code="a">1</subfield>
      <subfield code="b">1</subfield>
      <subfield code="c">1</subfield>
      <subfield code="d">Rassig schnell</subfield>
      <subfield code="g">G-2</subfield>
      <subfield code="m">S</subfield>
      <subfield code="n">xF</subfield>
      <subfield code="o">3/4</subfield>
      <subfield code="p">'4G/2G4B/FF</subfield>
      <subfield code="r">e</subfield>
      <subfield code="t">Muess Trüebsal blose</subfield>
      <subfield code="2">pe</subfield>
      <subfield code="u">30596668</subfield>
      </datafield>
   <datafield tag="041" ind1=" " ind2=" ">
      <subfield code="a">gsw</subfield>
   </datafield>
   <datafield tag="100" ind1="1" ind2=" ">
      <subfield code="a">Jost, Traugott</subfield>
      <subfield code="0">30015157</subfield>
   </datafield>
   <datafield tag="240" ind1="1" ind2="0">
      <subfield code="a">'s Meitli am Wäbstuehl</subfield>
      <subfield code="m">Coro</subfield>
      <subfield code="r">e</subfield>
   </datafield>
   <datafield tag="245" ind1="1" ind2="0">
      <subfield code="a">[caption title:] 's Meitli am Wäbstuehl. | (Joseph Reinhart.) | Traugott Jost, Bollingen.</subfield>
   </datafield>
   <datafield tag="300" ind1=" " ind2=" ">
      <subfield code="8">1\c</subfield>
      <subfield code="a">score: 1p.</subfield>
      <subfield code="c">27 x 17 cm</subfield>
   </datafield>
   <datafield tag="510" ind1="1" ind2=" ">
      <subfield code="a">SMZundSängerblatt</subfield>
      <subfield code="c">Jg.54, no.24</subfield>
   </datafield>
   <datafield tag="510" ind1="1" ind2=" ">
      <subfield code="a">SchweizMusikpädBlätt</subfield>
      <subfield code="c">Jg.3, no.18</subfield>
   </datafield>
   <datafield tag="593" ind1=" " ind2=" ">
      <subfield code="8">1\c</subfield>
      <subfield code="a">print</subfield>
   </datafield>
   <datafield tag="594" ind1=" " ind2=" ">
      <subfield code="a">Coro S, Coro A, Coro T, Coro B</subfield>
   </datafield>
   <datafield tag="650" ind1="0" ind2="0">
      <subfield code="a">Partsongs</subfield>
   </datafield>
   <datafield tag="700" ind1="1" ind2=" ">
      <subfield code="a">Reinhart, Josef</subfield>
      <subfield code="d">1875-1957</subfield>
      <subfield code="0">30026544</subfield>
      <subfield code="4">lyr</subfield>
   </datafield>
   <datafield tag="852" ind1=" " ind2=" ">
      <subfield code="a">CH-E</subfield>
      <subfield code="c">136,11.91</subfield>
      <subfield code="x">30000006</subfield>
   </datafield>
   </record>