
<record>
   <leader>00000cdd#a2200000###4500</leader>
   <controlfield tag="001">402009666</controlfield>
   <controlfield tag="003">RISM</controlfield>
   <controlfield tag="005">20100225111111.0</controlfield>
   <controlfield tag="008">100322|||||||||gw |||||||||||||||||||||d</controlfield>
   <datafield tag="031" ind1=" " ind2=" ">
      <subfield code="a">1</subfield>
      <subfield code="b">1</subfield>
      <subfield code="c">1</subfield>
      <subfield code="d">Allegro moderato</subfield>
      <subfield code="g">G-2</subfield>
      <subfield code="m">vl 1 coro 1</subfield>
      <subfield code="n">xFC</subfield>
      <subfield code="o">c/</subfield>
      <subfield code="p">'2D4.D8D/2DD/4D8{DD}4DD/</subfield>
      <subfield code="r">D</subfield>
      <subfield code="2">pe</subfield>
      <subfield code="u">32227163</subfield>
      </datafield>
   <datafield tag="031" ind1=" " ind2=" ">
      <subfield code="a">1</subfield>
      <subfield code="b">2</subfield>
      <subfield code="c">1</subfield>
      <subfield code="d">Bataille / [attacca]. Allegro moderato</subfield>
      <subfield code="g">G-2</subfield>
      <subfield code="m">vl 1 coro 1</subfield>
      <subfield code="n">xFC</subfield>
      <subfield code="o">c/</subfield>
      <subfield code="p">''4F'6{AGFE}4D6{AGFE}/{DDDD}{DDDD}{DDDD}{DDDD}/8{DFA''D}'{DFA''D}/</subfield>
      <subfield code="r">D</subfield>
      <subfield code="2">pe</subfield>
      <subfield code="u">32227164</subfield>
      </datafield>
   <datafield tag="031" ind1=" " ind2=" ">
      <subfield code="a">1</subfield>
      <subfield code="b">3</subfield>
      <subfield code="c">1</subfield>
      <subfield code="d">Victoire / [attacca]. Allegro moderato</subfield>
      <subfield code="g">G-2</subfield>
      <subfield code="m">vl 1 coro 1</subfield>
      <subfield code="n">xFC</subfield>
      <subfield code="o">c/</subfield>
      <subfield code="p">''2FF/FF/8{DEFGAB'''CD}/''{DEFGAB'''CD}/</subfield>
      <subfield code="r">D</subfield>
      <subfield code="2">pe</subfield>
      <subfield code="u">32227165</subfield>
      </datafield>
   <datafield tag="100" ind1="1" ind2=" ">
      <subfield code="a">Juseppemeyer, G.</subfield>
      <subfield code="0">30081204</subfield>
   </datafield>
   <datafield tag="240" ind1="1" ind2="0">
      <subfield code="a">Concertos</subfield>
      <subfield code="m">strings</subfield>
      <subfield code="r">D</subfield>
   </datafield>
   <datafield tag="245" ind1="1" ind2="0">
      <subfield code="a">[vl 1 coro 1, caption title:] Concerto | G. Juseppemeyer</subfield>
   </datafield>
   <datafield tag="300" ind1=" " ind2=" ">
      <subfield code="8">1\c</subfield>
      <subfield code="a">9 parts: 3, 3, 2, 3, 3, 2, 2, 2, 2p.</subfield>
      <subfield code="c">34 x 25,5 cm</subfield>
   </datafield>
   <datafield tag="300" ind1=" " ind2=" ">
      <subfield code="8">2\c</subfield>
      <subfield code="a">9 parts: 3, 3, 2, 3, 3, 2, 2, 2, 2p.</subfield>
      <subfield code="c">34 x 25,5 cm</subfield>
   </datafield>
   <datafield tag="510" ind1="1" ind2=" ">
      <subfield code="a">RepertoriumSNL</subfield>
      </datafield>
   <datafield tag="590" ind1=" " ind2=" ">
      <subfield code="8">1\c</subfield>
      <subfield code="a">First orchestra: vl 1, 2, vlc, Second orchestra: vl 1, 2, vlc, Third orchestra: vl 1, 2, vlc</subfield>
   </datafield>
   <datafield tag="590" ind1=" " ind2=" ">
      <subfield code="8">2\c</subfield>
      <subfield code="a">First orchestra: vl 1, 2, vlc, Second orchestra: vl 1, 2, vlc, Third orchestra: vl 1, 2, vlc</subfield>
      </datafield>
   <datafield tag="593" ind1=" " ind2=" ">
      <subfield code="8">1\c</subfield>
      <subfield code="a">manuscript</subfield>
   </datafield>
   <datafield tag="593" ind1=" " ind2=" ">
      <subfield code="8">2\c</subfield>
      <subfield code="a">manuscript</subfield>
      </datafield>
   <datafield tag="594" ind1=" " ind2=" ">
      <subfield code="a">vl 1 (3), vl 2 (3), vlc (3)</subfield>
   </datafield>
   <datafield tag="650" ind1="0" ind2="0">
      <subfield code="a">Concertos</subfield>
   </datafield>
   <datafield tag="700" ind1="1" ind2=" ">
      <subfield code="8">1\c</subfield>
      <subfield code="a">Copyist 1</subfield>
      <subfield code="0">30030257</subfield>
      <subfield code="4">scr</subfield>
   </datafield>
   <datafield tag="700" ind1="1" ind2=" ">
      <subfield code="8">2\c</subfield>
      <subfield code="a">Copyist 2</subfield>
      <subfield code="0">30035228</subfield>
      <subfield code="4">scr</subfield>
   </datafield>
   <datafield tag="700" ind1="1" ind2=" ">
      <subfield code="a">Hay, Frederik Charles</subfield>
      <subfield code="d">1888-1945</subfield>
      <subfield code="0">30081191</subfield>
      <subfield code="4">fmo</subfield>
   </datafield>
   <datafield tag="852" ind1=" " ind2=" ">
      <subfield code="a">CH-BEl</subfield>
      <subfield code="c">SNL-Musik-Hay-43</subfield>
      <subfield code="x">30000004</subfield>
   </datafield>
   </record>