
<record>
   <leader>00000cdd#a2200000###4500</leader>
   <controlfield tag="001">400006525</controlfield>
   <controlfield tag="003">RISM</controlfield>
   <controlfield tag="005">20100224111111.0</controlfield>
   <controlfield tag="008">100322|||||||||gw |||||||||||||||||ita|d</controlfield>
   <datafield tag="031" ind1=" " ind2=" ">
      <subfield code="a">1</subfield>
      <subfield code="b">1</subfield>
      <subfield code="c">1</subfield>
      <subfield code="d">Adagio moderato</subfield>
      <subfield code="g">C-1</subfield>
      <subfield code="m">S</subfield>
      <subfield code="n">bBE</subfield>
      <subfield code="o">c</subfield>
      <subfield code="p">=23/'4B8.F''6DgD4C{'8.B6A}/gA2B-/</subfield>
      <subfield code="r">B|b</subfield>
      <subfield code="t">Quando sarà quel dì</subfield>
      <subfield code="2">pe</subfield>
      <subfield code="u">30488658</subfield>
      </datafield>
   <datafield tag="031" ind1=" " ind2=" ">
      <subfield code="a">1</subfield>
      <subfield code="b">2</subfield>
      <subfield code="c">1</subfield>
      <subfield code="d">Allegretto</subfield>
      <subfield code="o">3/8</subfield>
      <subfield code="u">30488659</subfield>
      </datafield>
   <datafield tag="041" ind1=" " ind2=" ">
      <subfield code="a">ita</subfield>
   </datafield>
   <datafield tag="100" ind1="1" ind2=" ">
      <subfield code="a">Jommelli, Niccolò</subfield>
      <subfield code="d">1714-1774</subfield>
      <subfield code="0">118329</subfield>
   </datafield>
   <datafield tag="240" ind1="1" ind2="0">
      <subfield code="a">La Clemenza di Tito</subfield>
      <subfield code="k">Excerpts</subfield>
      <subfield code="m">S, strings</subfield>
      <subfield code="n">WeiO deest</subfield>
      </datafield>
   <datafield tag="245" ind1="1" ind2="0">
      <subfield code="a">rià à 5.in Discanté | [...] | Del Sig|r|e Jommelli | Quando sara quel di ch'io non ti senta | [...]</subfield>
   </datafield>
   <datafield tag="300" ind1=" " ind2=" ">
      <subfield code="8">1\c</subfield>
      <subfield code="a">5 parts</subfield>
      <subfield code="c">in quer-4</subfield>
   </datafield>
   <datafield tag="510" ind1="1" ind2=" ">
      <subfield code="a">SarasinKatalog 1800</subfield>
      <subfield code="c">no.727</subfield>
      </datafield>
   <datafield tag="590" ind1=" " ind2=" ">
      <subfield code="8">1\c</subfield>
      <subfield code="a">S and b, vl 1, 2, vla, b</subfield>
   </datafield>
   <datafield tag="593" ind1=" " ind2=" ">
      <subfield code="8">1\c</subfield>
      <subfield code="a">manuscript</subfield>
   </datafield>
   <datafield tag="594" ind1=" " ind2=" ">
      <subfield code="a">S, vl 1, vl 2, vla, b</subfield>
   </datafield>
   <datafield tag="650" ind1="0" ind2="0">
      <subfield code="a">Operas</subfield>
   </datafield>
   <datafield tag="700" ind1="1" ind2=" ">
      <subfield code="a">Sarasin, Lukas</subfield>
      <subfield code="d">1730-1802</subfield>
      <subfield code="0">30002825</subfield>
      <subfield code="4">fmo</subfield>
   </datafield>
   <datafield tag="852" ind1=" " ind2=" ">
      <subfield code="a">CH-Bu</subfield>
      <subfield code="c">kr IV 171 (Ms.161)</subfield>
      <subfield code="x">30000003</subfield>
   </datafield>
   </record>