
<record>
   <leader>00000cdd#a2200000###4500</leader>
   <controlfield tag="001">400108229</controlfield>
   <controlfield tag="003">RISM</controlfield>
   <controlfield tag="005">20100224111111.0</controlfield>
   <controlfield tag="008">100322s1870||||gw |||||||||||||||||lat|d</controlfield>
   <datafield tag="031" ind1=" " ind2=" ">
      <subfield code="a">1</subfield>
      <subfield code="b">1</subfield>
      <subfield code="c">1</subfield>
      <subfield code="d">Allegro vivace</subfield>
      <subfield code="g">F-4</subfield>
      <subfield code="m">fag princ</subfield>
      <subfield code="o">c</subfield>
      <subfield code="p">4-/,2C4EC/2G4-G/'2C,4GE/C-{6CDEF}{GAB'C}/4.D,8B{GD,,B,D},,/4G-</subfield>
      <subfield code="r">C</subfield>
      <subfield code="2">pe</subfield>
      <subfield code="u">30536589</subfield>
      </datafield>
   <datafield tag="031" ind1=" " ind2=" ">
      <subfield code="a">1</subfield>
      <subfield code="b">1</subfield>
      <subfield code="c">2</subfield>
      <subfield code="g">F-4</subfield>
      <subfield code="m">B</subfield>
      <subfield code="o">c</subfield>
      <subfield code="p">4-/=20/'2C,4.G8E/gD4CC2-/'4.D,8B{GD},,{B,D}/4G,,G2-/2,EF/4.G{6AB}'4C,E/2FG/4C-2-/</subfield>
      <subfield code="r">C</subfield>
      <subfield code="t">Gaudeamus omnes in Domino, diem festum celebrantes sub honore ...</subfield>
      <subfield code="2">pe</subfield>
      <subfield code="u">30536590</subfield>
      </datafield>
   <datafield tag="041" ind1=" " ind2=" ">
      <subfield code="a">lat</subfield>
   </datafield>
   <datafield tag="100" ind1="1" ind2=" ">
      <subfield code="a">Lickl, Johann Georg</subfield>
      <subfield code="d">1769-1843</subfield>
      <subfield code="0">99382</subfield>
   </datafield>
   <datafield tag="240" ind1="1" ind2="0">
      <subfield code="a">Gaudeamus omnes in Domino</subfield>
      <subfield code="m">B, fag princ, orch, org</subfield>
      <subfield code="r">C</subfield>
   </datafield>
   <datafield tag="245" ind1="1" ind2="0">
      <subfield code="a">[dust cover title:] Offertorium | |: Gaudeamus omnes :| | Solo | für Bass und Fagott | oder | Violoncello | mit 2 Violinen, Viola, Flöte, 2 Oboen | 2 Trompeten, Pauken, Violon &amp; Organo. | von | J. Georg Lickl. | [at bottom:] Eigenth. Dom Herzog Chorregent | 1870</subfield>
   </datafield>
   <datafield tag="260" ind1=" " ind2=" ">
      <subfield code="8">1\c</subfield>
      <subfield code="c">1870 (1870)</subfield>
   </datafield>
   <datafield tag="300" ind1=" " ind2=" ">
      <subfield code="8">1\c</subfield>
      <subfield code="a">13 parts: 2, 2, 2, 2, 2, 2, 2, 2, 2, 2, 1, 1, 1p.</subfield>
      <subfield code="c">35 (17) x 24 (24) cm</subfield>
   </datafield>
   <datafield tag="510" ind1="1" ind2=" ">
      <subfield code="a">RepertoriumBeromünst</subfield>
      </datafield>
   <datafield tag="590" ind1=" " ind2=" ">
      <subfield code="8">1\c</subfield>
      <subfield code="a">B, fag princ or vlc princ, vl 1, 2, vla, vlc and org (= b), vlne, fl, ob 1, 2, clno 1, 2 in C, timp in C and G</subfield>
   </datafield>
   <datafield tag="593" ind1=" " ind2=" ">
      <subfield code="8">1\c</subfield>
      <subfield code="a">manuscript</subfield>
   </datafield>
   <datafield tag="594" ind1=" " ind2=" ">
      <subfield code="a">B, vl 1, vl 2, vla, vlc, b, fl, ob (2), tr (2), fag princ, vlc princ (fag princ), org, b, bc: org</subfield>
   </datafield>
   <datafield tag="650" ind1="0" ind2="0">
      <subfield code="a">Offertories</subfield>
   </datafield>
   <datafield tag="700" ind1="1" ind2=" ">
      <subfield code="8">1\c</subfield>
      <subfield code="a">Herzog, Dominik</subfield>
      <subfield code="0">30007268</subfield>
      <subfield code="4">scr</subfield>
   </datafield>
   <datafield tag="700" ind1="1" ind2=" ">
      <subfield code="a">Herzog, Dominik</subfield>
      <subfield code="d">1877+</subfield>
      <subfield code="0">30007268</subfield>
      <subfield code="4">fmo</subfield>
   </datafield>
   <datafield tag="852" ind1=" " ind2=" ">
      <subfield code="a">CH-BM</subfield>
      <subfield code="c">Mus.Ms.152</subfield>
      <subfield code="x">30000005</subfield>
   </datafield>
   </record>