
<record>
   <leader>00000cdd#a2200000###4500</leader>
   <controlfield tag="001">400108230</controlfield>
   <controlfield tag="003">RISM</controlfield>
   <controlfield tag="005">20100224111111.0</controlfield>
   <controlfield tag="008">100322s1865||||gw |||||||||||||||||lat|d</controlfield>
   <datafield tag="031" ind1=" " ind2=" ">
      <subfield code="a">1</subfield>
      <subfield code="b">1</subfield>
      <subfield code="c">1</subfield>
      <subfield code="d">Andante maestoso</subfield>
      <subfield code="g">G-2</subfield>
      <subfield code="m">vl princ</subfield>
      <subfield code="n">xFCG</subfield>
      <subfield code="o">c</subfield>
      <subfield code="p">''4..C6C4..E6E/4A+{6AGFE}4D-/=2/4..D6D4..F6F/4B+{6BAGF}4E-/</subfield>
      <subfield code="r">A</subfield>
      <subfield code="2">pe</subfield>
      <subfield code="u">30536592</subfield>
      </datafield>
   <datafield tag="031" ind1=" " ind2=" ">
      <subfield code="a">1</subfield>
      <subfield code="b">2</subfield>
      <subfield code="c">1</subfield>
      <subfield code="d">[attacca]. Andante maestoso</subfield>
      <subfield code="g">C-1</subfield>
      <subfield code="m">S</subfield>
      <subfield code="n">xFCG</subfield>
      <subfield code="o">c</subfield>
      <subfield code="p">=20/'2A''4CE/4.E{6DC}'4B{''8C'B}/4A{8B''C}{ED}'{FB}/4.A8B4G</subfield>
      <subfield code="r">A</subfield>
      <subfield code="t">Sancta Maria, ora pro nobis</subfield>
      <subfield code="2">pe</subfield>
      <subfield code="u">30536593</subfield>
      </datafield>
   <datafield tag="031" ind1=" " ind2=" ">
      <subfield code="a">1</subfield>
      <subfield code="b">3</subfield>
      <subfield code="c">1</subfield>
      <subfield code="d">Andante maestoso</subfield>
      <subfield code="g">G-2</subfield>
      <subfield code="m">T</subfield>
      <subfield code="n">xFCG</subfield>
      <subfield code="o">c</subfield>
      <subfield code="p">=20/'2A''4CE/4.E{6DC}'4B{''8C'B}/4A{8B''C}{ED}'{FB}/4.A8B4G</subfield>
      <subfield code="r">A</subfield>
      <subfield code="t">Justus ut palma, florebit sicut cedrus</subfield>
      <subfield code="2">pe</subfield>
      <subfield code="u">30536594</subfield>
      </datafield>
   <datafield tag="041" ind1=" " ind2=" ">
      <subfield code="a">lat</subfield>
   </datafield>
   <datafield tag="100" ind1="1" ind2=" ">
      <subfield code="a">Limmer, Franz</subfield>
      <subfield code="d">1795c*</subfield>
      <subfield code="0">30001949</subfield>
   </datafield>
   <datafield tag="240" ind1="1" ind2="0">
      <subfield code="a">Sancta Maria</subfield>
      <subfield code="m">V, vl princ, orch, org</subfield>
      <subfield code="r">A</subfield>
   </datafield>
   <datafield tag="245" ind1="1" ind2="0">
      <subfield code="a">[vl princ, cover title:] Offertorium | (in A) | |: Sancta Maria für Sopran :| | oder | |: justus ut palma für Tenor :| | mit | concertanter Violine | 2 Viol, Viola, 2 Clarinetten, 2 Hörner, 2 Tromp. | Violoncello Contrabass und Orgel. | von | Franz Limmer | op. 14 | [at bottom:] Scr. Dom. Herzog Chorreg. 1865</subfield>
   </datafield>
   <datafield tag="260" ind1=" " ind2=" ">
      <subfield code="8">1\c</subfield>
      <subfield code="c">1865 (1865)</subfield>
   </datafield>
   <datafield tag="300" ind1=" " ind2=" ">
      <subfield code="8">1\c</subfield>
      <subfield code="a">13 parts: 2, 3, 2, 2, 2, 1, 2, 2, 2, 1, 1, 1, 1p.</subfield>
      <subfield code="c">34 (17) x 25 (24,5) cm</subfield>
   </datafield>
   <datafield tag="383" ind1=" " ind2=" ">
      <subfield code="b">op.14</subfield>
   </datafield>
   <datafield tag="500" ind1=" " ind2=" ">
      <subfield code="a">tr in E ad libitum anstelle des cor 2</subfield>
   </datafield>
   <datafield tag="500" ind1=" " ind2=" ">
      <subfield code="a">Incipits 1.2.1 und 1.3.1: gleiche Komposition, aber unterschiedliche Vokalbesetung und zwei verschiedene Texte</subfield>
   </datafield>
   <datafield tag="510" ind1="1" ind2=" ">
      <subfield code="a">RepertoriumBeromünst</subfield>
      </datafield>
   <datafield tag="590" ind1=" " ind2=" ">
      <subfield code="8">1\c</subfield>
      <subfield code="a">S and T, vl princ, vl 1, 2, vla, vlc and b, org (= b.fig), cl 1, 2 in A, cor 1, 2 in A, tr 1 and 2 in D, tr 1 in E</subfield>
   </datafield>
   <datafield tag="593" ind1=" " ind2=" ">
      <subfield code="8">1\c</subfield>
      <subfield code="a">manuscript</subfield>
   </datafield>
   <datafield tag="594" ind1=" " ind2=" ">
      <subfield code="a">S, T (S), vl 1, vl 2, vla, vlc, b, cl (2), cor (2), tr (2), vl princ, org, b, bc: org</subfield>
   </datafield>
   <datafield tag="650" ind1="0" ind2="0">
      <subfield code="a">Offertories</subfield>
   </datafield>
   <datafield tag="700" ind1="1" ind2=" ">
      <subfield code="8">1\c</subfield>
      <subfield code="a">Herzog, Dominik</subfield>
      <subfield code="0">30007268</subfield>
      <subfield code="4">scr</subfield>
   </datafield>
   <datafield tag="730" ind1="0" ind2=" ">
      <subfield code="a">Justus ut palma</subfield>
   </datafield>
   <datafield tag="852" ind1=" " ind2=" ">
      <subfield code="a">CH-BM</subfield>
      <subfield code="c">Mus.Ms.153</subfield>
      <subfield code="x">30000005</subfield>
   </datafield>
   </record>