
<record>
   <leader>00000cdd#a2200000###4500</leader>
   <controlfield tag="001">400100020</controlfield>
   <controlfield tag="003">RISM</controlfield>
   <controlfield tag="005">20100303111111.0</controlfield>
   <controlfield tag="008">100322|||||||||gw |||||||||||||||||ger|d</controlfield>
   <datafield tag="031" ind1=" " ind2=" ">
      <subfield code="a">1</subfield>
      <subfield code="b">1</subfield>
      <subfield code="c">1</subfield>
      <subfield code="d">Adagio</subfield>
      <subfield code="g">G-2</subfield>
      <subfield code="m">T 1</subfield>
      <subfield code="n">bBEAD</subfield>
      <subfield code="o">4/4</subfield>
      <subfield code="p">''4C/4.C8CCCFF/4FnE4-4D/4.C8CCC'BB/2A4-</subfield>
      <subfield code="r">f</subfield>
      <subfield code="t">Dem Menschenfreund der treu und bieder</subfield>
      <subfield code="2">pe</subfield>
      <subfield code="u">30521331</subfield>
      </datafield>
   <datafield tag="041" ind1=" " ind2=" ">
      <subfield code="a">ger</subfield>
   </datafield>
   <datafield tag="100" ind1="1" ind2=" ">
      <subfield code="a">Lindpaintner, Peter Josef von</subfield>
      <subfield code="d">1791-1856</subfield>
      <subfield code="0">103799</subfield>
   </datafield>
   <datafield tag="240" ind1="1" ind2="0">
      <subfield code="a">Am Grabe</subfield>
      <subfield code="m">Coro maschile</subfield>
      <subfield code="r">f</subfield>
   </datafield>
   <datafield tag="245" ind1="1" ind2="0">
      <subfield code="a">[spine title:] Am Grabe</subfield>
   </datafield>
   <datafield tag="300" ind1=" " ind2=" ">
      <subfield code="8">1\c</subfield>
      <subfield code="a">4 parts</subfield>
      <subfield code="c">27 x 20,5 cm</subfield>
   </datafield>
   <datafield tag="500" ind1=" " ind2=" ">
      <subfield code="a">Stimmen: mit schwarzer Tinte geschrieben, leicht verblaßt</subfield>
   </datafield>
   <datafield tag="500" ind1=" " ind2=" ">
      <subfield code="a">400100021</subfield>
   </datafield>
   <datafield tag="590" ind1=" " ind2=" ">
      <subfield code="8">1\c</subfield>
      <subfield code="a">T 1, 2, B 1, 2</subfield>
   </datafield>
   <datafield tag="593" ind1=" " ind2=" ">
      <subfield code="8">1\c</subfield>
      <subfield code="a">manuscript</subfield>
   </datafield>
   <datafield tag="594" ind1=" " ind2=" ">
      <subfield code="a">Coro T (2), Coro B (2)</subfield>
   </datafield>
   <datafield tag="650" ind1="0" ind2="0">
      <subfield code="a">Funeral music</subfield>
   </datafield>
   <datafield tag="650" ind1="0" ind2="0">
      <subfield code="a">Choruses</subfield>
   </datafield>
   <datafield tag="773" ind1="0" ind2=" ">
      <subfield code="a">400100021</subfield>
   </datafield>
   <datafield tag="852" ind1=" " ind2=" ">
      <subfield code="a">CH-ZGm</subfield>
      <subfield code="c">M 10/0035 (Ms. 11732)</subfield>
      <subfield code="x">30000220</subfield>
   </datafield>
   </record>