
<record>
   <leader>00000cdd#a2200000###4500</leader>
   <controlfield tag="001">400090328</controlfield>
   <controlfield tag="003">RISM</controlfield>
   <controlfield tag="005">20100921111111.0</controlfield>
   <controlfield tag="008">100922s1861||||gw |||||||||||||||||||||d</controlfield>
   <datafield tag="031" ind1=" " ind2=" ">
      <subfield code="a">1</subfield>
      <subfield code="b">1</subfield>
      <subfield code="c">1</subfield>
      <subfield code="d">Allegro molto vivace</subfield>
      <subfield code="g">G-2</subfield>
      <subfield code="m">pf</subfield>
      <subfield code="n">xFC</subfield>
      <subfield code="o">3/4</subfield>
      <subfield code="p">4''E/2E4E/2E4E/E-</subfield>
      <subfield code="r">D</subfield>
      <subfield code="2">pe</subfield>
      <subfield code="u">30520299</subfield>
      </datafield>
   <datafield tag="031" ind1=" " ind2=" ">
      <subfield code="a">1</subfield>
      <subfield code="b">2</subfield>
      <subfield code="c">1</subfield>
      <subfield code="d">Dialogue. Andantino</subfield>
      <subfield code="o">3/4</subfield>
      <subfield code="r">A|b</subfield>
      <subfield code="u">30520300</subfield>
      </datafield>
   <datafield tag="031" ind1=" " ind2=" ">
      <subfield code="a">1</subfield>
      <subfield code="b">3</subfield>
      <subfield code="c">1</subfield>
      <subfield code="d">Allegro vivace assai</subfield>
      <subfield code="o">3/4</subfield>
      <subfield code="r">D</subfield>
      <subfield code="u">30520301</subfield>
      </datafield>
   <datafield tag="031" ind1=" " ind2=" ">
      <subfield code="a">1</subfield>
      <subfield code="b">4</subfield>
      <subfield code="c">1</subfield>
      <subfield code="d">Presto</subfield>
      <subfield code="u">30520302</subfield>
      </datafield>
   <datafield tag="100" ind1="1" ind2=" ">
      <subfield code="a">Liszt, Franz</subfield>
      <subfield code="d">1811-1886</subfield>
      <subfield code="0">107196</subfield>
   </datafield>
   <datafield tag="240" ind1="1" ind2="0">
      <subfield code="a">Waltzes</subfield>
      <subfield code="m">pf</subfield>
      <subfield code="n">RaaL 166</subfield>
      </datafield>
   <datafield tag="245" ind1="1" ind2="0">
      <subfield code="a">Valse de l'opéra Faust de Gounod | pour Piano par F Liszt</subfield>
   </datafield>
   <datafield tag="260" ind1=" " ind2=" ">
      <subfield code="8">1\c</subfield>
      <subfield code="c">1861 (1861)</subfield>
   </datafield>
   <datafield tag="300" ind1=" " ind2=" ">
      <subfield code="8">1\c</subfield>
      <subfield code="a">part</subfield>
      <subfield code="c">26,8 x 33,3 cm</subfield>
   </datafield>
   <datafield tag="500" ind1=" " ind2=" ">
      <subfield code="a">Autograph gleichzeitig Druckvorlage</subfield>
   </datafield>
   <datafield tag="500" ind1=" " ind2=" ">
      <subfield code="a">Auf p.1 Widmung: "A Monsieur le baron / Alexis Des Michels"</subfield>
   </datafield>
   <datafield tag="500" ind1=" " ind2=" ">
      <subfield code="a">Vermerk unter dem Notensystem des Andantino: "der 1. Dialog zwischen Faust und Marguerite"</subfield>
   </datafield>
   <datafield tag="500" ind1=" " ind2=" ">
      <subfield code="a">Auf p.16 unten Datierung und Wiederholung der Widmung sowie Titelangabe: "Löwenberg Sept: 61 / F. Liszt"</subfield>
   </datafield>
   <datafield tag="510" ind1="1" ind2=" ">
      <subfield code="a">SeebassB 1986</subfield>
      <subfield code="c">p.57</subfield>
      </datafield>
   <datafield tag="590" ind1=" " ind2=" ">
      <subfield code="8">1\c</subfield>
      <subfield code="a">pf</subfield>
   </datafield>
   <datafield tag="593" ind1=" " ind2=" ">
      <subfield code="8">1\c</subfield>
      <subfield code="a">autograph</subfield>
   </datafield>
   <datafield tag="594" ind1=" " ind2=" ">
      <subfield code="a">pf</subfield>
   </datafield>
   <datafield tag="650" ind1="0" ind2="0">
      <subfield code="a">Operas</subfield>
   </datafield>
   <datafield tag="650" ind1="0" ind2="0">
      <subfield code="a">Waltzes</subfield>
   </datafield>
   <datafield tag="650" ind1="0" ind2="0">
      <subfield code="a">Transcriptions</subfield>
   </datafield>
   <datafield tag="700" ind1="1" ind2=" ">
      <subfield code="a">Gounod, Charles-François</subfield>
      <subfield code="d">1818-1893</subfield>
      <subfield code="0">80479</subfield>
      <subfield code="4">cmp</subfield>
   </datafield>
   <datafield tag="700" ind1="1" ind2=" ">
      <subfield code="a">Michels, Baron Alexis</subfield>
      <subfield code="0">30042635</subfield>
      <subfield code="4">dte</subfield>
   </datafield>
   <datafield tag="730" ind1="0" ind2=" ">
      <subfield code="a">Faust. Excerpts</subfield>
   </datafield>
   <datafield tag="852" ind1=" " ind2=" ">
      <subfield code="a">CH-CObodmer</subfield>
      <subfield code="c">Ms.11672</subfield>
      <subfield code="x">30000506</subfield>
   </datafield>
   </record>