
<record>
   <leader>00000cdd#a2200000###4500</leader>
   <controlfield tag="001">400006534</controlfield>
   <controlfield tag="003">RISM</controlfield>
   <controlfield tag="005">20100224111111.0</controlfield>
   <controlfield tag="008">100322|||||||||gw |||||||||||||||||ita|d</controlfield>
   <datafield tag="031" ind1=" " ind2=" ">
      <subfield code="a">1</subfield>
      <subfield code="b">1</subfield>
      <subfield code="c">1</subfield>
      <subfield code="d">Adagio</subfield>
      <subfield code="g">C-3</subfield>
      <subfield code="m">V 1</subfield>
      <subfield code="n">bB</subfield>
      <subfield code="o">2/4</subfield>
      <subfield code="p">=14/4-3-''6.C'8A/gG4F6-FA''C/{'B''3CD}8C-'6F''C/</subfield>
      <subfield code="t">Mio signor non tanto foco</subfield>
      <subfield code="2">pe</subfield>
      <subfield code="u">30488691</subfield>
      </datafield>
   <datafield tag="031" ind1=" " ind2=" ">
      <subfield code="a">1</subfield>
      <subfield code="b">2</subfield>
      <subfield code="c">1</subfield>
      <subfield code="d">Presto</subfield>
      <subfield code="o">3/8</subfield>
      <subfield code="u">30488692</subfield>
      </datafield>
   <datafield tag="031" ind1=" " ind2=" ">
      <subfield code="a">1</subfield>
      <subfield code="b">3</subfield>
      <subfield code="c">1</subfield>
      <subfield code="d">Dolce adagio</subfield>
      <subfield code="o">2/4</subfield>
      <subfield code="u">30488693</subfield>
      </datafield>
   <datafield tag="031" ind1=" " ind2=" ">
      <subfield code="a">1</subfield>
      <subfield code="b">4</subfield>
      <subfield code="c">1</subfield>
      <subfield code="d">Presto</subfield>
      <subfield code="o">3/8; 6/8</subfield>
      <subfield code="u">30488694</subfield>
      </datafield>
   <datafield tag="041" ind1=" " ind2=" ">
      <subfield code="a">ita</subfield>
   </datafield>
   <datafield tag="100" ind1="1" ind2=" ">
      <subfield code="a">Lampugnani, Giovanni Battista</subfield>
      <subfield code="d">1708-1788</subfield>
      <subfield code="0">30001863</subfield>
   </datafield>
   <datafield tag="240" ind1="1" ind2="0">
      <subfield code="a">Mio signor non tanto foco</subfield>
      <subfield code="m">V (2), orch</subfield>
      <subfield code="r">F</subfield>
   </datafield>
   <datafield tag="245" ind1="1" ind2="0">
      <subfield code="a">Aria Duetto à 7. | [...] | Duetto Del Sig|r Lampugnani | "Mio Signor non tanto foco" | [...]</subfield>
   </datafield>
   <datafield tag="300" ind1=" " ind2=" ">
      <subfield code="8">1\c</subfield>
      <subfield code="a">9 parts</subfield>
      <subfield code="c">in quer-4</subfield>
   </datafield>
   <datafield tag="510" ind1="1" ind2=" ">
      <subfield code="a">SarasinKatalog 1800</subfield>
      <subfield code="c">no.266</subfield>
      </datafield>
   <datafield tag="590" ind1=" " ind2=" ">
      <subfield code="8">1\c</subfield>
      <subfield code="a">2 V and b, vl 1, 2, b (2x), cor in alto viola 1, 2, tr 1, 2</subfield>
   </datafield>
   <datafield tag="593" ind1=" " ind2=" ">
      <subfield code="8">1\c</subfield>
      <subfield code="a">manuscript</subfield>
   </datafield>
   <datafield tag="594" ind1=" " ind2=" ">
      <subfield code="a">V (2), vl 1, vl 2, b, cor (2), tr (2)</subfield>
   </datafield>
   <datafield tag="650" ind1="0" ind2="0">
      <subfield code="a">Duets (voc.)</subfield>
   </datafield>
   <datafield tag="700" ind1="1" ind2=" ">
      <subfield code="a">Sarasin, Lukas</subfield>
      <subfield code="d">1730-1802</subfield>
      <subfield code="0">30002825</subfield>
      <subfield code="4">fmo</subfield>
   </datafield>
   <datafield tag="852" ind1=" " ind2=" ">
      <subfield code="a">CH-Bu</subfield>
      <subfield code="c">kr IV 176 (Ms.165)</subfield>
      <subfield code="x">30000003</subfield>
   </datafield>
   </record>