
<record>
   <leader>00000cdd#a2200000###4500</leader>
   <controlfield tag="001">403007539</controlfield>
   <controlfield tag="003">RISM</controlfield>
   <controlfield tag="005">20100309111111.0</controlfield>
   <controlfield tag="008">100322|||||||||gw |||||||||||||||||ger|d</controlfield>
   <datafield tag="031" ind1=" " ind2=" ">
      <subfield code="a">1</subfield>
      <subfield code="b">1</subfield>
      <subfield code="c">1</subfield>
      <subfield code="d">Comodo</subfield>
      <subfield code="g">G-2</subfield>
      <subfield code="m">A</subfield>
      <subfield code="n">bBEAD</subfield>
      <subfield code="o">6/8</subfield>
      <subfield code="p">'=3/48---E/''C'AEA/{8BA}F4E</subfield>
      <subfield code="r">A|b</subfield>
      <subfield code="t">Im Fliederbusch ein Vöglein saß</subfield>
      <subfield code="2">pe</subfield>
      <subfield code="u">30609882</subfield>
      </datafield>
   <datafield tag="041" ind1=" " ind2=" ">
      <subfield code="a">ger</subfield>
   </datafield>
   <datafield tag="100" ind1="1" ind2=" ">
      <subfield code="a">Kücken, Friedrich Wilhelm</subfield>
      <subfield code="d">1810-1882</subfield>
      <subfield code="0">58663</subfield>
   </datafield>
   <datafield tag="240" ind1="1" ind2="0">
      <subfield code="a">Zwiegesang</subfield>
      <subfield code="m">A, pf</subfield>
      <subfield code="r">A|b</subfield>
   </datafield>
   <datafield tag="245" ind1="1" ind2="0">
      <subfield code="a">[caption title:] Zwiegesang. | F. Kücken Op.18 | No.3.</subfield>
   </datafield>
   <datafield tag="300" ind1=" " ind2=" ">
      <subfield code="8">1\c</subfield>
      <subfield code="a">score: p.7-10</subfield>
      <subfield code="c">25,5 x 32 cm</subfield>
   </datafield>
   <datafield tag="383" ind1=" " ind2=" ">
      <subfield code="b">op.18/3</subfield>
   </datafield>
   <datafield tag="500" ind1=" " ind2=" ">
      <subfield code="a">Name des Textdichters am Schluss der Komposition</subfield>
   </datafield>
   <datafield tag="500" ind1=" " ind2=" ">
      <subfield code="a">Paginierung Seiten 7-10</subfield>
   </datafield>
   <datafield tag="500" ind1=" " ind2=" ">
      <subfield code="a">Titelseite: "Drei Gesänge / für eine / Alt- oder Bass-Stimme / mit Begleitung des / Pianoforte oder vier Brummstimmen / componiert und dem / Fräulein Caroline Caspari / hochachtungsvoll zugeeignet / von / Fr. Kücken. / Leipzig, bei F. Whistling. / Dritte Auflage."</subfield>
   </datafield>
   <datafield tag="510" ind1="1" ind2=" ">
      <subfield code="a">SchweizerKomponisten</subfield>
      </datafield>
   <datafield tag="593" ind1=" " ind2=" ">
      <subfield code="8">1\c</subfield>
      <subfield code="a">print</subfield>
   </datafield>
   <datafield tag="594" ind1=" " ind2=" ">
      <subfield code="a">A, B (A), pf</subfield>
   </datafield>
   <datafield tag="650" ind1="0" ind2="0">
      <subfield code="a">Lieder</subfield>
   </datafield>
   <datafield tag="700" ind1="1" ind2=" ">
      <subfield code="a">Reinick, Robert</subfield>
      <subfield code="d">1805-1852</subfield>
      <subfield code="0">43167</subfield>
      <subfield code="4">lyr</subfield>
   </datafield>
   <datafield tag="700" ind1="1" ind2=" ">
      <subfield code="a">Caspari, Caroline</subfield>
      <subfield code="d">1808*</subfield>
      <subfield code="0">30075821</subfield>
      <subfield code="4">dte</subfield>
   </datafield>
   <datafield tag="852" ind1=" " ind2=" ">
      <subfield code="a">CH-E</subfield>
      <subfield code="c">141,5.4</subfield>
      <subfield code="x">30000006</subfield>
   </datafield>
   </record>