
<record>
   <leader>00000cdd#a2200000###4500</leader>
   <controlfield tag="001">400108215</controlfield>
   <controlfield tag="003">RISM</controlfield>
   <controlfield tag="005">20100309111111.0</controlfield>
   <controlfield tag="008">100322s1845||||gw |||||||||||||||||lat|d</controlfield>
   <datafield tag="031" ind1=" " ind2=" ">
      <subfield code="a">1</subfield>
      <subfield code="b">1</subfield>
      <subfield code="c">1</subfield>
      <subfield code="d">Kÿrie.. Andante</subfield>
      <subfield code="g">C-1</subfield>
      <subfield code="m">S coro</subfield>
      <subfield code="o">c/</subfield>
      <subfield code="p">'2.G{8AG}/4G''2C'4B/{8BAxGA}4.''C{6DC}/{8C'B}4B2-/=6/</subfield>
      <subfield code="r">C</subfield>
      <subfield code="t">Kyrie, eleison Christe eleison Kyrie eleison</subfield>
      <subfield code="2">pe</subfield>
      <subfield code="u">30536517</subfield>
      </datafield>
   <datafield tag="031" ind1=" " ind2=" ">
      <subfield code="a">1</subfield>
      <subfield code="b">2</subfield>
      <subfield code="c">1</subfield>
      <subfield code="d">Gloria.. Allegro molto</subfield>
      <subfield code="g">C-1</subfield>
      <subfield code="m">S coro</subfield>
      <subfield code="o">c/</subfield>
      <subfield code="p">''4.C8C'2G/AF/2.D4G/EC2-/=7/2-</subfield>
      <subfield code="r">C</subfield>
      <subfield code="t">Gloria, in excelsis Deo et in terra pax</subfield>
      <subfield code="2">pe</subfield>
      <subfield code="u">30536518</subfield>
      </datafield>
   <datafield tag="031" ind1=" " ind2=" ">
      <subfield code="a">1</subfield>
      <subfield code="b">3</subfield>
      <subfield code="c">1</subfield>
      <subfield code="d">Credo.. Allegro moderato</subfield>
      <subfield code="g">C-1</subfield>
      <subfield code="m">S coro</subfield>
      <subfield code="o">c</subfield>
      <subfield code="p">''4C8.C6C4CC/8{C'G}2G</subfield>
      <subfield code="r">C</subfield>
      <subfield code="t">Credo, in unum Deum patrem omnipotentem</subfield>
      <subfield code="2">pe</subfield>
      <subfield code="u">30536519</subfield>
      </datafield>
   <datafield tag="031" ind1=" " ind2=" ">
      <subfield code="a">1</subfield>
      <subfield code="b">4</subfield>
      <subfield code="c">1</subfield>
      <subfield code="d">Sanctus.. Poco adagio</subfield>
      <subfield code="g">C-1</subfield>
      <subfield code="m">S coro</subfield>
      <subfield code="o">c</subfield>
      <subfield code="p">''2CD/EC/'A+8{A''C}{'B''D}/8.D6C4C2-/=4/</subfield>
      <subfield code="r">C</subfield>
      <subfield code="t">Sanctus, Dominus Deus Sabaoth</subfield>
      <subfield code="2">pe</subfield>
      <subfield code="u">30536520</subfield>
      </datafield>
   <datafield tag="031" ind1=" " ind2=" ">
      <subfield code="a">1</subfield>
      <subfield code="b">5</subfield>
      <subfield code="c">1</subfield>
      <subfield code="d">Benedictus.. Allegro molto</subfield>
      <subfield code="g">G-2</subfield>
      <subfield code="m">vl 1</subfield>
      <subfield code="o">c</subfield>
      <subfield code="p">,6qGq'E''2.C{8ED}/2.D'4B/4''C4.C{6'B''C}{DC'BA}/4A8G</subfield>
      <subfield code="r">C</subfield>
      <subfield code="2">pe</subfield>
      <subfield code="u">30536521</subfield>
      </datafield>
   <datafield tag="031" ind1=" " ind2=" ">
      <subfield code="a">1</subfield>
      <subfield code="b">5</subfield>
      <subfield code="c">2</subfield>
      <subfield code="g">C-1</subfield>
      <subfield code="m">S solo</subfield>
      <subfield code="o">c</subfield>
      <subfield code="p">''=52/2.C{8ED}/2D4D'B/''2C+8{C'6B''C}{DC'BA}/4A8G-2-/2-4-8-''D/4.E8F{GE}{C'B}/{8.A6B}''8C'G4.G8F/4E-2-/</subfield>
      <subfield code="r">C</subfield>
      <subfield code="t">Benedictus, qui venit in nomine Domini hosanna in excelsis</subfield>
      <subfield code="2">pe</subfield>
      <subfield code="u">30536522</subfield>
      </datafield>
   <datafield tag="031" ind1=" " ind2=" ">
      <subfield code="a">1</subfield>
      <subfield code="b">6</subfield>
      <subfield code="c">1</subfield>
      <subfield code="d">Agnus. Andante</subfield>
      <subfield code="g">C-4</subfield>
      <subfield code="m">T solo</subfield>
      <subfield code="o">6/8</subfield>
      <subfield code="p">,=16/{8.G6A}8GG'CE/{8.D6E8D}8C-E/DDD{8.D6E}8D/4D8,B4G8-/</subfield>
      <subfield code="r">C</subfield>
      <subfield code="t">Agnus Dei, qui tollis peccata mundi miserere nobis</subfield>
      <subfield code="2">pe</subfield>
      <subfield code="u">30536523</subfield>
      </datafield>
   <datafield tag="041" ind1=" " ind2=" ">
      <subfield code="a">lat</subfield>
   </datafield>
   <datafield tag="100" ind1="1" ind2=" ">
      <subfield code="a">Kuhn, Antoine-Léonce</subfield>
      <subfield code="d">1753-1823</subfield>
      <subfield code="0">30001813</subfield>
   </datafield>
   <datafield tag="240" ind1="1" ind2="0">
      <subfield code="a">Masses</subfield>
      <subfield code="m">V (3), Coro, orch, org</subfield>
      <subfield code="r">C</subfield>
   </datafield>
   <datafield tag="245" ind1="1" ind2="0">
      <subfield code="a">[dust cover title:] Missa | ex | C | a | Canto, Alto, Tenore, et Basso, 2 Violinis, Viola, | 2 Flautis oblig. traversis, 2 Corn: Violone et Organo | Composita | per | Josephum Antonium Kuhn. | Opus II. | Ad Chorum Eccl: Colleg: St. Michaelem | Beronae. | Scripsit Jos: Antonius, Haegÿ Rhenof: | ex Frickgaudia. 1845.</subfield>
   </datafield>
   <datafield tag="260" ind1=" " ind2=" ">
      <subfield code="8">1\c</subfield>
      <subfield code="c">1845 (1845)</subfield>
   </datafield>
   <datafield tag="300" ind1=" " ind2=" ">
      <subfield code="8">1\c</subfield>
      <subfield code="a">13 parts: 8, 7, 6, 6, 12, 8, 9, 8, 8, 6, 4, 4, 4p.</subfield>
      <subfield code="c">36,5 x 25 cm</subfield>
   </datafield>
   <datafield tag="383" ind1=" " ind2=" ">
      <subfield code="b">op.2</subfield>
   </datafield>
   <datafield tag="500" ind1=" " ind2=" ">
      <subfield code="a">Vermerk am Schluss der Stimmen: "Scripsit Jos: Ant: Haegÿ 1845."</subfield>
   </datafield>
   <datafield tag="510" ind1="1" ind2=" ">
      <subfield code="a">RepertoriumBeromünst</subfield>
      </datafield>
   <datafield tag="590" ind1=" " ind2=" ">
      <subfield code="8">1\c</subfield>
      <subfield code="a">Solo and coro: S, T, B, Coro: A, vl 1, 2, vla, vlne, org (= b), fl 1, 2, cor 1, 2 in C</subfield>
   </datafield>
   <datafield tag="593" ind1=" " ind2=" ">
      <subfield code="8">1\c</subfield>
      <subfield code="a">manuscript</subfield>
   </datafield>
   <datafield tag="594" ind1=" " ind2=" ">
      <subfield code="a">S, T, B, Coro S, Coro A, Coro T, Coro B, vl 1, vl 2, vla, b, fl (2), cor (2), org, b, bc: org</subfield>
   </datafield>
   <datafield tag="650" ind1="0" ind2="0">
      <subfield code="a">Masses</subfield>
   </datafield>
   <datafield tag="700" ind1="1" ind2=" ">
      <subfield code="8">1\c</subfield>
      <subfield code="a">Hegi, Joseph Anton</subfield>
      <subfield code="0">30043128</subfield>
      <subfield code="4">scr</subfield>
   </datafield>
   <datafield tag="852" ind1=" " ind2=" ">
      <subfield code="a">CH-BM</subfield>
      <subfield code="c">Mus.Ms.141</subfield>
      <subfield code="x">30000005</subfield>
   </datafield>
   </record>