
<record>
   <leader>00000cdd#a2200000###4500</leader>
   <controlfield tag="001">400108218</controlfield>
   <controlfield tag="003">RISM</controlfield>
   <controlfield tag="005">20100224111111.0</controlfield>
   <controlfield tag="008">100322k18001833gw |||||||||||||||||lat|d</controlfield>
   <datafield tag="031" ind1=" " ind2=" ">
      <subfield code="a">1</subfield>
      <subfield code="b">1</subfield>
      <subfield code="c">1</subfield>
      <subfield code="d">Kÿrie. Adagio</subfield>
      <subfield code="g">G-2</subfield>
      <subfield code="m">vl 1</subfield>
      <subfield code="n">bBEA</subfield>
      <subfield code="o">2/4</subfield>
      <subfield code="p">''4E+{6E3DE}{FEDE}/{6.F3G8E}6-{'BBB}/4''F+{6F3nEF}{3GFEF}/{6.G3F8E}</subfield>
      <subfield code="r">E|b</subfield>
      <subfield code="2">pe</subfield>
      <subfield code="u">30536545</subfield>
      </datafield>
   <datafield tag="031" ind1=" " ind2=" ">
      <subfield code="a">1</subfield>
      <subfield code="b">1</subfield>
      <subfield code="c">2</subfield>
      <subfield code="g">C-1</subfield>
      <subfield code="m">S coro</subfield>
      <subfield code="n">bBEA</subfield>
      <subfield code="o">2/4</subfield>
      <subfield code="p">=10/''8.E6E8.E{3DE}/{6.F3G}8E8.-'6B/4.''F{3GF}{nEF}/6.G3F8E8.-</subfield>
      <subfield code="r">E|b</subfield>
      <subfield code="t">Kyrie, eleison Christe eleison Kyrie eleison</subfield>
      <subfield code="2">pe</subfield>
      <subfield code="u">30536546</subfield>
      </datafield>
   <datafield tag="031" ind1=" " ind2=" ">
      <subfield code="a">1</subfield>
      <subfield code="b">2</subfield>
      <subfield code="c">1</subfield>
      <subfield code="d">Gloria. Allegro molto</subfield>
      <subfield code="g">C-1</subfield>
      <subfield code="m">S coro</subfield>
      <subfield code="n">bBEA</subfield>
      <subfield code="o">c</subfield>
      <subfield code="p">''4.E8E'2B/2.G8BG/4EGB''E/4.Ft{6EF}4G-/</subfield>
      <subfield code="r">E|b</subfield>
      <subfield code="t">Gloria, in excelsis Deo et in terra pax</subfield>
      <subfield code="2">pe</subfield>
      <subfield code="u">30536547</subfield>
      </datafield>
   <datafield tag="031" ind1=" " ind2=" ">
      <subfield code="a">1</subfield>
      <subfield code="b">3</subfield>
      <subfield code="c">1</subfield>
      <subfield code="d">Domine. Poco adagio</subfield>
      <subfield code="g">C-3</subfield>
      <subfield code="m">A solo</subfield>
      <subfield code="n">bBE</subfield>
      <subfield code="o">3/4</subfield>
      <subfield code="p">=10/'2B{6BF}{B''D}/4({8.C3DC'B};3)8A-4-/4B+{6BF}{B''D}{C'B}{AG}/{8.F3GE}8D-4-/</subfield>
      <subfield code="r">B|b</subfield>
      <subfield code="2">pe</subfield>
      <subfield code="u">30536548</subfield>
      </datafield>
   <datafield tag="031" ind1=" " ind2=" ">
      <subfield code="a">1</subfield>
      <subfield code="b">4</subfield>
      <subfield code="c">1</subfield>
      <subfield code="d">Cum Sancto / Fuga. Allegro moderato</subfield>
      <subfield code="g">C-4</subfield>
      <subfield code="m">T coro</subfield>
      <subfield code="n">bBEA</subfield>
      <subfield code="o">c/</subfield>
      <subfield code="p">'1E/2FF/4G{8FG}4EF/,BBB'F/G8FG4EF/,BB</subfield>
      <subfield code="r">E|b</subfield>
      <subfield code="t">Cum sancto spiritu, in gloria Dei patris</subfield>
      <subfield code="2">pe</subfield>
      <subfield code="u">30536549</subfield>
      </datafield>
   <datafield tag="031" ind1=" " ind2=" ">
      <subfield code="a">1</subfield>
      <subfield code="b">5</subfield>
      <subfield code="c">1</subfield>
      <subfield code="d">Credo. Allegro moderato</subfield>
      <subfield code="g">C-1</subfield>
      <subfield code="m">S coro</subfield>
      <subfield code="n">bBEA</subfield>
      <subfield code="o">3/4</subfield>
      <subfield code="p">''4EEE/2E'4B/''2C{8'A''C}/gC'4BG-/=6/</subfield>
      <subfield code="r">E|b</subfield>
      <subfield code="t">Credo, in unum Deum patrem omnipotentem</subfield>
      <subfield code="2">pe</subfield>
      <subfield code="u">30536550</subfield>
      </datafield>
   <datafield tag="031" ind1=" " ind2=" ">
      <subfield code="a">1</subfield>
      <subfield code="b">6</subfield>
      <subfield code="c">1</subfield>
      <subfield code="d">Sanctus. Andante poco adagio</subfield>
      <subfield code="g">C-1</subfield>
      <subfield code="m">S coro</subfield>
      <subfield code="n">bBEA</subfield>
      <subfield code="o">2/4</subfield>
      <subfield code="p">''=8/4.E8E/4.F8F/4.E8E/'8.B6B8B-/=4/</subfield>
      <subfield code="r">E|b</subfield>
      <subfield code="t">Sanctus, Dominus Deus Sabaoth</subfield>
      <subfield code="2">pe</subfield>
      <subfield code="u">30536551</subfield>
      </datafield>
   <datafield tag="031" ind1=" " ind2=" ">
      <subfield code="a">1</subfield>
      <subfield code="b">7</subfield>
      <subfield code="c">1</subfield>
      <subfield code="d">Benedictus. Andante</subfield>
      <subfield code="g">C-1</subfield>
      <subfield code="m">S solo</subfield>
      <subfield code="n">bBE</subfield>
      <subfield code="o">2/4</subfield>
      <subfield code="p">=8/4-8-6.'B''3C/8D4DgF8E/gDCC-6.C3D/8E4EgG8F/gE8DD-{6BA}/{xFG}nEF{DbE}FG/8.F6ED</subfield>
      <subfield code="r">B|b</subfield>
      <subfield code="t">Benedictus, qui venit in nomine Domini hosanna in excelsis</subfield>
      <subfield code="2">pe</subfield>
      <subfield code="u">30536552</subfield>
      </datafield>
   <datafield tag="031" ind1=" " ind2=" ">
      <subfield code="a">1</subfield>
      <subfield code="b">8</subfield>
      <subfield code="c">1</subfield>
      <subfield code="d">Agnus. Poco adagio</subfield>
      <subfield code="g">C-1</subfield>
      <subfield code="m">S coro</subfield>
      <subfield code="n">bBEA</subfield>
      <subfield code="o">2/4</subfield>
      <subfield code="p">=10/'4.B8nB/''CC4-/8-'BB6BB/8AG-E/{6.F3G}8E-</subfield>
      <subfield code="r">E|b</subfield>
      <subfield code="t">Agnus Dei, qui tollis peccata mundi miserere nobis</subfield>
      <subfield code="2">pe</subfield>
      <subfield code="u">30536553</subfield>
      </datafield>
   <datafield tag="041" ind1=" " ind2=" ">
      <subfield code="a">lat</subfield>
   </datafield>
   <datafield tag="100" ind1="1" ind2=" ">
      <subfield code="a">Kuhn, Antoine-Léonce</subfield>
      <subfield code="d">1753-1823</subfield>
      <subfield code="0">30001813</subfield>
   </datafield>
   <datafield tag="240" ind1="1" ind2="0">
      <subfield code="a">Masses</subfield>
      <subfield code="m">V (2), Coro, orch, org</subfield>
      <subfield code="r">E|b</subfield>
   </datafield>
   <datafield tag="245" ind1="1" ind2="0">
      <subfield code="a">[org, cover title:] Missa | [pencil:] in Es | [ink:] a | 4 Vocibus | 2 Vn. Viola Basso | 2 Corni | p. | Ant. Kuhn | [pencil:] No 1</subfield>
   </datafield>
   <datafield tag="260" ind1=" " ind2=" ">
      <subfield code="8">1\c</subfield>
      <subfield code="c">1800-1833 (19.1t)</subfield>
   </datafield>
   <datafield tag="300" ind1=" " ind2=" ">
      <subfield code="8">1\c</subfield>
      <subfield code="a">11 parts: 8, 8, 7, 7, 12, 8, 9, 8, 9, 7, 7p.</subfield>
      <subfield code="c">30,5 x 23 cm</subfield>
   </datafield>
   <datafield tag="500" ind1=" " ind2=" ">
      <subfield code="a">Die Instrumentalstimmen des Domine Deus sind unter CH BM Mus Ms 144.2 zu finden</subfield>
   </datafield>
   <datafield tag="500" ind1=" " ind2=" ">
      <subfield code="8">1\c</subfield>
      <subfield code="a">all instrumental parts without Domine Deus rex caelestis</subfield>
   </datafield>
   <datafield tag="510" ind1="1" ind2=" ">
      <subfield code="a">RepertoriumBeromünst</subfield>
      </datafield>
   <datafield tag="590" ind1=" " ind2=" ">
      <subfield code="8">1\c</subfield>
      <subfield code="a">Solo and coro: S, A, Coro: T, B, vl 1, 2, vla, cb and fag, org (= b.fig), cor 1, 2 in D|x</subfield>
   </datafield>
   <datafield tag="593" ind1=" " ind2=" ">
      <subfield code="8">1\c</subfield>
      <subfield code="a">manuscript</subfield>
   </datafield>
   <datafield tag="594" ind1=" " ind2=" ">
      <subfield code="a">S, A, Coro S, Coro A, Coro T, Coro B, vl 1, vl 2, vla, b, fag, cor (2), org, b, bc: org</subfield>
   </datafield>
   <datafield tag="650" ind1="0" ind2="0">
      <subfield code="a">Masses</subfield>
   </datafield>
   <datafield tag="700" ind1="1" ind2=" ">
      <subfield code="8">1\c</subfield>
      <subfield code="a">Herzog, Dominik</subfield>
      <subfield code="0">30007268</subfield>
      <subfield code="4">scr</subfield>
   </datafield>
   <datafield tag="852" ind1=" " ind2=" ">
      <subfield code="a">CH-BM</subfield>
      <subfield code="c">Mus.Ms.144.1</subfield>
      <subfield code="x">30000005</subfield>
   </datafield>
   </record>