
<record>
   <leader>00000cdd#a2200000###4500</leader>
   <controlfield tag="001">400108214</controlfield>
   <controlfield tag="003">RISM</controlfield>
   <controlfield tag="005">20100224111111.0</controlfield>
   <controlfield tag="008">100322s1844||||gw |||||||||||||||||lat|d</controlfield>
   <datafield tag="031" ind1=" " ind2=" ">
      <subfield code="a">1</subfield>
      <subfield code="b">1</subfield>
      <subfield code="c">1</subfield>
      <subfield code="d">Kÿrie.. Andante</subfield>
      <subfield code="g">C-1</subfield>
      <subfield code="m">S solo</subfield>
      <subfield code="n">bBEA</subfield>
      <subfield code="o">c</subfield>
      <subfield code="p">'2Bg''C'gBgAgB{8.''C6'B}/2G-/=2/2AgB{8A6GA}{8BA}/2F-/=7/2-4-B/4.''G8D4.E'8B/{BA}4A2-/</subfield>
      <subfield code="r">E|b</subfield>
      <subfield code="t">Kyrie, eleison Christe eleison Kyrie eleison</subfield>
      <subfield code="2">pe</subfield>
      <subfield code="u">30536509</subfield>
      </datafield>
   <datafield tag="031" ind1=" " ind2=" ">
      <subfield code="a">1</subfield>
      <subfield code="b">2</subfield>
      <subfield code="c">1</subfield>
      <subfield code="d">Gloria.. Allegro molto</subfield>
      <subfield code="g">C-1</subfield>
      <subfield code="m">S coro</subfield>
      <subfield code="n">bBEA</subfield>
      <subfield code="o">c</subfield>
      <subfield code="p">''2.E8GE/'4BBBB/2.B{''8C'B}/2B-/2.A{8BA}/2G4F''C/'2E6qFqEqDqE4.G8F/2F-/</subfield>
      <subfield code="r">E|b</subfield>
      <subfield code="t">Gloria, in excelsis Deo et in terra pax</subfield>
      <subfield code="2">pe</subfield>
      <subfield code="u">30536510</subfield>
      </datafield>
   <datafield tag="031" ind1=" " ind2=" ">
      <subfield code="a">1</subfield>
      <subfield code="b">3</subfield>
      <subfield code="c">1</subfield>
      <subfield code="d">Credo.. Andante</subfield>
      <subfield code="g">C-1</subfield>
      <subfield code="m">S coro</subfield>
      <subfield code="n">bBEA</subfield>
      <subfield code="o">6/8</subfield>
      <subfield code="p">'8BBB{B''C}'B/4''D8F4E'8B/4''F'8B''4G6EE/4A{6FD}4'B8-/</subfield>
      <subfield code="r">E|b</subfield>
      <subfield code="t">Patrem omnipotentem, factorem caeli et terrae</subfield>
      <subfield code="2">pe</subfield>
      <subfield code="u">30536511</subfield>
      </datafield>
   <datafield tag="031" ind1=" " ind2=" ">
      <subfield code="a">1</subfield>
      <subfield code="b">4</subfield>
      <subfield code="c">1</subfield>
      <subfield code="d">Sanctus.. Andante</subfield>
      <subfield code="g">C-1</subfield>
      <subfield code="m">S coro</subfield>
      <subfield code="n">bBEA</subfield>
      <subfield code="o">2/4</subfield>
      <subfield code="p">=8/4.'B''8D/E-'BB/''4.D8E/D8-'BB/''4.E8E/4FE/8D-{GF}/D-GF/(4D)-/</subfield>
      <subfield code="r">E|b</subfield>
      <subfield code="t">Sanctus, Dominus Deus Sabaoth</subfield>
      <subfield code="2">pe</subfield>
      <subfield code="u">30536512</subfield>
      </datafield>
   <datafield tag="031" ind1=" " ind2=" ">
      <subfield code="a">1</subfield>
      <subfield code="b">5</subfield>
      <subfield code="c">1</subfield>
      <subfield code="d">Benedictus. / Quartetto. Andante</subfield>
      <subfield code="g">C-1</subfield>
      <subfield code="m">S solo</subfield>
      <subfield code="n">bBEAD</subfield>
      <subfield code="o">2/4</subfield>
      <subfield code="p">8-/=14/4-8-''6EE/{8.E6D}{C'A}{B''C}/{8.DgEgDgCgD6E}F{3nEF}{GF}D'B/4AgBgAgGgA''8.C'6B/4A-/</subfield>
      <subfield code="q">+</subfield>
      <subfield code="r">A|b</subfield>
      <subfield code="t">Benedictus, qui venit in nomine Domini hosanna in excelsis</subfield>
      <subfield code="2">pe</subfield>
      <subfield code="u">30536513</subfield>
      </datafield>
   <datafield tag="031" ind1=" " ind2=" ">
      <subfield code="a">1</subfield>
      <subfield code="b">6</subfield>
      <subfield code="c">1</subfield>
      <subfield code="d">Agnus. Andante</subfield>
      <subfield code="g">C-1</subfield>
      <subfield code="m">S solo</subfield>
      <subfield code="n">bBEA</subfield>
      <subfield code="o">c</subfield>
      <subfield code="p">=5/2-4-'8BB/2.Bg''C'gBgAgB{8GB}/2G4-8-B/''4.G8D8.E'6nB''8.C6'G/{8BA}4A-</subfield>
      <subfield code="r">E|b</subfield>
      <subfield code="t">Agnus Dei, qui tollis peccata mundi miserere nobis</subfield>
      <subfield code="2">pe</subfield>
      <subfield code="u">30536514</subfield>
      </datafield>
   <datafield tag="041" ind1=" " ind2=" ">
      <subfield code="a">lat</subfield>
   </datafield>
   <datafield tag="100" ind1="1" ind2=" ">
      <subfield code="a">Kuhn, Antoine-Léonce</subfield>
      <subfield code="d">1753-1823</subfield>
      <subfield code="0">30001813</subfield>
   </datafield>
   <datafield tag="240" ind1="1" ind2="0">
      <subfield code="a">Masses</subfield>
      <subfield code="m">V (4), Coro, orch, org</subfield>
      <subfield code="r">E|b</subfield>
   </datafield>
   <datafield tag="245" ind1="1" ind2="0">
      <subfield code="a">[org, cover title:] Missa | ex Es | a 4 Vocibus, 2 Violin, et Alto Violoncello obligato | Basso et Organo | Flauto 2 Clarinett in B 2 Corni 2 Clarini | et Tÿmpani | N|o 1 p. Kuhn | Script anno 1844 | [at bottom, pencil:] D. Herzog, Chorreg</subfield>
   </datafield>
   <datafield tag="260" ind1=" " ind2=" ">
      <subfield code="8">1\c</subfield>
      <subfield code="c">1844 (1844)</subfield>
   </datafield>
   <datafield tag="260" ind1=" " ind2=" ">
      <subfield code="8">2\c</subfield>
      <subfield code="c">1844</subfield>
      </datafield>
   <datafield tag="300" ind1=" " ind2=" ">
      <subfield code="8">1\c</subfield>
      <subfield code="a">15 parts: 8, 7, 7, 7, 11, 10, 7, 7, 7, 8, 7, 6, 6, 4, 4p.</subfield>
      <subfield code="c">37 x 28 cm</subfield>
   </datafield>
   <datafield tag="300" ind1=" " ind2=" ">
      <subfield code="8">2\c</subfield>
      <subfield code="a">3 parts: 2, 2, 2p.</subfield>
      <subfield code="c">34,5 x 25 cm</subfield>
   </datafield>
   <datafield tag="500" ind1=" " ind2=" ">
      <subfield code="a">T, Vermerk am Schluss: "Scripsit Jos. Ant. Haegÿ / Aargoviensis. / Sacl. Beron:"</subfield>
   </datafield>
   <datafield tag="510" ind1="1" ind2=" ">
      <subfield code="a">RepertoriumBeromünst</subfield>
      </datafield>
   <datafield tag="590" ind1=" " ind2=" ">
      <subfield code="8">1\c</subfield>
      <subfield code="a">Solo and coro: S, A, T, B, vl 1, 2, vla, vlc, vlne, org (= b), fl, cl 1, 2 in B|b, cor 1, 2 in E|b</subfield>
   </datafield>
   <datafield tag="590" ind1=" " ind2=" ">
      <subfield code="8">2\c</subfield>
      <subfield code="a">tr 1, 2 in E|b, timp in E|b and B|b</subfield>
      </datafield>
   <datafield tag="593" ind1=" " ind2=" ">
      <subfield code="8">1\c</subfield>
      <subfield code="a">manuscript</subfield>
   </datafield>
   <datafield tag="593" ind1=" " ind2=" ">
      <subfield code="8">2\c</subfield>
      <subfield code="a">manuscript</subfield>
      </datafield>
   <datafield tag="594" ind1=" " ind2=" ">
      <subfield code="a">S, A, T, B, Coro S, Coro A, Coro T, Coro B, vl 1, vl 2, vla, vlc, b, fl, cl (2), cor (2), tr (2), timp, org, b, bc: org</subfield>
   </datafield>
   <datafield tag="650" ind1="0" ind2="0">
      <subfield code="a">Masses</subfield>
   </datafield>
   <datafield tag="700" ind1="1" ind2=" ">
      <subfield code="8">1\c</subfield>
      <subfield code="a">Hegi, Joseph Anton</subfield>
      <subfield code="0">30043128</subfield>
      <subfield code="4">scr</subfield>
   </datafield>
   <datafield tag="700" ind1="1" ind2=" ">
      <subfield code="8">2\c</subfield>
      <subfield code="a">Herzog, Dominik</subfield>
      <subfield code="0">30007268</subfield>
      <subfield code="4">scr</subfield>
   </datafield>
   <datafield tag="700" ind1="1" ind2=" ">
      <subfield code="a">Herzog, Dominik</subfield>
      <subfield code="d">1877+</subfield>
      <subfield code="0">30007268</subfield>
      <subfield code="4">fmo</subfield>
   </datafield>
   <datafield tag="852" ind1=" " ind2=" ">
      <subfield code="a">CH-BM</subfield>
      <subfield code="c">Mus.Ms.140</subfield>
      <subfield code="x">30000005</subfield>
   </datafield>
   </record>