
<record>
   <leader>00000cdd#a2200000###4500</leader>
   <controlfield tag="001">401000232</controlfield>
   <controlfield tag="003">RISM</controlfield>
   <controlfield tag="005">20100303111111.0</controlfield>
   <controlfield tag="008">100322s1895||||gw |||||||||||||||||lat|d</controlfield>
   <datafield tag="031" ind1=" " ind2=" ">
      <subfield code="a">1</subfield>
      <subfield code="b">1</subfield>
      <subfield code="c">1</subfield>
      <subfield code="g">G-2</subfield>
      <subfield code="m">S</subfield>
      <subfield code="n">bBE</subfield>
      <subfield code="o">4/4</subfield>
      <subfield code="p">'4F/2B4FB/''2D'4B4-/</subfield>
      <subfield code="r">B|b</subfield>
      <subfield code="t">Adeste fideles, laeti triumphantes</subfield>
      <subfield code="2">pe</subfield>
      <subfield code="u">30564899</subfield>
      </datafield>
   <datafield tag="041" ind1=" " ind2=" ">
      <subfield code="a">lat</subfield>
   </datafield>
   <datafield tag="100" ind1="1" ind2=" ">
      <subfield code="a">Kühne, Bonifaz</subfield>
      <subfield code="d">1853-1922</subfield>
      <subfield code="0">30019104</subfield>
   </datafield>
   <datafield tag="240" ind1="1" ind2="0">
      <subfield code="a">Adeste fideles</subfield>
      <subfield code="m">V (2), Coro, orch</subfield>
      <subfield code="r">B|b</subfield>
   </datafield>
   <datafield tag="245" ind1="1" ind2="0">
      <subfield code="a">[org, caption title:] Adeste fideles. | Weihnachtsgesang. | f. gem[ischten] Chor. | v. Bonif. Kühne</subfield>
   </datafield>
   <datafield tag="260" ind1=" " ind2=" ">
      <subfield code="8">1\c</subfield>
      <subfield code="c">1895 (1895)</subfield>
   </datafield>
   <datafield tag="300" ind1=" " ind2=" ">
      <subfield code="8">1\c</subfield>
      <subfield code="a">1 part: 1p.</subfield>
      <subfield code="c">21,8 x 25,5 cm</subfield>
   </datafield>
   <datafield tag="300" ind1=" " ind2=" ">
      <subfield code="8">2\c</subfield>
      <subfield code="a">6 parts: 1, 1, 1p., 1, 1, 1p.</subfield>
      <subfield code="c">33,5 x 24,8 cm</subfield>
   </datafield>
   <datafield tag="500" ind1=" " ind2=" ">
      <subfield code="a">org: am Ende datiert "Disentis, d. 17. Dez. 1895. Fr. L. [Frater Leo Kunz]"</subfield>
   </datafield>
   <datafield tag="500" ind1=" " ind2=" ">
      <subfield code="a">Beiliegend vervielfältige Chorpartitur (3x) mit zusätzlichen Angaben zur Besetzung: "für gemischten Chor mit beliebiger Begleitung v. sechs Blechinstrumenten, comp. v. Bonifaz Kühne"</subfield>
   </datafield>
   <datafield tag="500" ind1=" " ind2=" ">
      <subfield code="a">Angabe der Instrumentalstimmen auf der folgenden Seite [i.e. Rückseite]: "Piston B, Bügel B, Alth. Es, Alth. B, Bass B, Bass Es"</subfield>
   </datafield>
   <datafield tag="500" ind1=" " ind2=" ">
      <subfield code="a">401000794</subfield>
   </datafield>
   <datafield tag="510" ind1="1" ind2=" ">
      <subfield code="a">RefardtHBM</subfield>
      <subfield code="c">p.176</subfield>
      </datafield>
   <datafield tag="590" ind1=" " ind2=" ">
      <subfield code="8">1\c</subfield>
      <subfield code="a">org</subfield>
   </datafield>
   <datafield tag="590" ind1=" " ind2=" ">
      <subfield code="8">2\c</subfield>
      <subfield code="a">Solo and coro: S (2x), T, A (2x), B</subfield>
      </datafield>
   <datafield tag="593" ind1=" " ind2=" ">
      <subfield code="8">1\c</subfield>
      <subfield code="a">manuscript</subfield>
   </datafield>
   <datafield tag="593" ind1=" " ind2=" ">
      <subfield code="8">2\c</subfield>
      <subfield code="a">manuscript</subfield>
      </datafield>
   <datafield tag="594" ind1=" " ind2=" ">
      <subfield code="a">S, T, Coro S, Coro A, Coro T, Coro B, bugle, piston, a-cor 1, 2, b-cor 1, 2, org</subfield>
   </datafield>
   <datafield tag="650" ind1="0" ind2="0">
      <subfield code="a">Sacred songs</subfield>
   </datafield>
   <datafield tag="657" ind1=" " ind2="7">
      <subfield code="a">Nativitas Domini</subfield>
   </datafield>
   <datafield tag="700" ind1="1" ind2=" ">
      <subfield code="8">1\c</subfield>
      <subfield code="a">Kunz, Leo</subfield>
      <subfield code="0">30043464</subfield>
      <subfield code="4">scr</subfield>
   </datafield>
   <datafield tag="773" ind1="0" ind2=" ">
      <subfield code="a">401000794</subfield>
   </datafield>
   <datafield tag="852" ind1=" " ind2=" ">
      <subfield code="a">CH-D</subfield>
      <subfield code="c">Mw 57/10 (Ms.13259)</subfield>
      <subfield code="x">30000507</subfield>
   </datafield>
   </record>