
<record>
   <leader>00000cdd#a2200000###4500</leader>
   <controlfield tag="001">400187934</controlfield>
   <controlfield tag="003">RISM</controlfield>
   <controlfield tag="005">20100224111111.0</controlfield>
   <controlfield tag="008">100322k17001799gw |||||||||||||||||ger|d</controlfield>
   <datafield tag="031" ind1=" " ind2=" ">
      <subfield code="a">1</subfield>
      <subfield code="b">1</subfield>
      <subfield code="c">1</subfield>
      <subfield code="d">Andantino</subfield>
      <subfield code="g">G-2</subfield>
      <subfield code="m">V</subfield>
      <subfield code="n">bBEA</subfield>
      <subfield code="o">2/4</subfield>
      <subfield code="p">8,B/4.'E6qG8Fqq6EFr/4G8-{6EG}/{8BB}{8.B6A}/{8AG}-</subfield>
      <subfield code="r">E|b</subfield>
      <subfield code="t">Um einen Freund von edler Art zu finden</subfield>
      <subfield code="2">pe</subfield>
      <subfield code="u">30547198</subfield>
      </datafield>
   <datafield tag="041" ind1=" " ind2=" ">
      <subfield code="a">ger</subfield>
   </datafield>
   <datafield tag="100" ind1="1" ind2=" ">
      <subfield code="a">Kachel, Jacob Christoph</subfield>
      <subfield code="d">1728-1795</subfield>
      <subfield code="0">30001647</subfield>
   </datafield>
   <datafield tag="240" ind1="1" ind2="0">
      <subfield code="a">Die Freundschaft</subfield>
      <subfield code="m">V, pf</subfield>
      <subfield code="r">E|b</subfield>
   </datafield>
   <datafield tag="245" ind1="1" ind2="0">
      <subfield code="a">Die Freundschafft. | Aus des seel. Hern. Proffessor Gellerts | Moralichen Vorlesungen gezogen | und | Herrn Lucas Sarasin Directoren des Postwesens | zugeeignet | Von seinem untherthänigsten Diener | J. Christoff Kachel</subfield>
   </datafield>
   <datafield tag="260" ind1=" " ind2=" ">
      <subfield code="8">1\c</subfield>
      <subfield code="c">1700-1799 (18.sc)</subfield>
   </datafield>
   <datafield tag="300" ind1=" " ind2=" ">
      <subfield code="8">1\c</subfield>
      <subfield code="a">1 part: p.109-116</subfield>
      <subfield code="c">in quer-4</subfield>
   </datafield>
   <datafield tag="500" ind1=" " ind2=" ">
      <subfield code="a">Mit ausführlicher Zueignung und Gedichttexten von Haller und Bodmer</subfield>
   </datafield>
   <datafield tag="590" ind1=" " ind2=" ">
      <subfield code="8">1\c</subfield>
      <subfield code="a">V and pf</subfield>
   </datafield>
   <datafield tag="593" ind1=" " ind2=" ">
      <subfield code="8">1\c</subfield>
      <subfield code="a">manuscript</subfield>
   </datafield>
   <datafield tag="594" ind1=" " ind2=" ">
      <subfield code="a">V, pf</subfield>
   </datafield>
   <datafield tag="650" ind1="0" ind2="0">
      <subfield code="a">Songs</subfield>
   </datafield>
   <datafield tag="700" ind1="1" ind2=" ">
      <subfield code="a">Gellert, Christian Fürchtegott</subfield>
      <subfield code="d">1715-1769</subfield>
      <subfield code="0">52820</subfield>
      <subfield code="4">lyr</subfield>
   </datafield>
   <datafield tag="700" ind1="1" ind2=" ">
      <subfield code="a">Sarasin, Lukas</subfield>
      <subfield code="d">1730-1802</subfield>
      <subfield code="0">30002825</subfield>
      <subfield code="4">dte</subfield>
   </datafield>
   <datafield tag="700" ind1="1" ind2=" ">
      <subfield code="a">Haller, Albrecht von</subfield>
      <subfield code="d">1708-1777</subfield>
      <subfield code="0">41045</subfield>
      <subfield code="4">asn</subfield>
   </datafield>
   <datafield tag="700" ind1="1" ind2=" ">
      <subfield code="a">Bodmer, Johann Jacob</subfield>
      <subfield code="d">1698-1783</subfield>
      <subfield code="0">21860</subfield>
      <subfield code="4">asn</subfield>
   </datafield>
   <datafield tag="773" ind1="0" ind2=" ">
      <subfield code="a">400187910</subfield>
   </datafield>
   <datafield tag="852" ind1=" " ind2=" ">
      <subfield code="a">CH-Bu</subfield>
      <subfield code="c">kr IV 414 (Ms.8252)</subfield>
      <subfield code="x">30000003</subfield>
   </datafield>
   </record>