
<record>
   <leader>00000cdd#a2200000###4500</leader>
   <controlfield tag="001">400196010</controlfield>
   <controlfield tag="003">RISM</controlfield>
   <controlfield tag="005">20100224111111.0</controlfield>
   <controlfield tag="008">100322|||||||||gw |||||||||||||||||||||d</controlfield>
   <datafield tag="031" ind1=" " ind2=" ">
      <subfield code="a">1</subfield>
      <subfield code="b">1</subfield>
      <subfield code="c">1</subfield>
      <subfield code="d">alla francese.</subfield>
      <subfield code="g">G-2</subfield>
      <subfield code="m">vl 1</subfield>
      <subfield code="n">xF</subfield>
      <subfield code="o">3/4</subfield>
      <subfield code="p">''qq6FGAr2G{6nFEDC}/{8GF}2D/8E4G'''C8''E/{ED}{C'B}{AG}/</subfield>
      <subfield code="2">pe</subfield>
      <subfield code="u">30549728</subfield>
      </datafield>
   <datafield tag="031" ind1=" " ind2=" ">
      <subfield code="a">1</subfield>
      <subfield code="b">2</subfield>
      <subfield code="c">1</subfield>
      <subfield code="d">polacca.</subfield>
      <subfield code="u">30549729</subfield>
      </datafield>
   <datafield tag="031" ind1=" " ind2=" ">
      <subfield code="a">1</subfield>
      <subfield code="b">3</subfield>
      <subfield code="c">1</subfield>
      <subfield code="d">espagnol.</subfield>
      <subfield code="u">30549730</subfield>
      </datafield>
   <datafield tag="100" ind1="1" ind2=" ">
      <subfield code="a">Kachel, Jacob Christoph</subfield>
      <subfield code="d">1728-1795</subfield>
      <subfield code="0">30001647</subfield>
   </datafield>
   <datafield tag="240" ind1="1" ind2="0">
      <subfield code="a">Trios</subfield>
      <subfield code="m">vl (3), b</subfield>
      <subfield code="r">C</subfield>
   </datafield>
   <datafield tag="245" ind1="1" ind2="0">
      <subfield code="a">Trio | l' agréable charivari | ou les trois nations | Fischer, Schuster et K' | Badinage, pour Trois violon | Clavecin ou harpe. | Arrange p[a].|r Mons[ieu].|r Jacq[ue].|s Christ[offoro]: Kachel pour | Amusemens | ...</subfield>
   </datafield>
   <datafield tag="300" ind1=" " ind2=" ">
      <subfield code="8">1\c</subfield>
      <subfield code="a">score: 2f.</subfield>
      <subfield code="c">in quer-4</subfield>
   </datafield>
   <datafield tag="510" ind1="1" ind2=" ">
      <subfield code="a">SarasinKatalog 1800</subfield>
      <subfield code="c">deest</subfield>
   </datafield>
   <datafield tag="510" ind1="1" ind2=" ">
      <subfield code="a">RefardtB 1957</subfield>
      <subfield code="c">p.28</subfield>
   </datafield>
   <datafield tag="593" ind1=" " ind2=" ">
      <subfield code="8">1\c</subfield>
      <subfield code="a">manuscript</subfield>
   </datafield>
   <datafield tag="594" ind1=" " ind2=" ">
      <subfield code="a">vl 1 (3), b</subfield>
   </datafield>
   <datafield tag="650" ind1="0" ind2="0">
      <subfield code="a">Trios (instr.)</subfield>
   </datafield>
   <datafield tag="700" ind1="1" ind2=" ">
      <subfield code="a">Kachel, Jacob Christoph</subfield>
      <subfield code="d">1728-1795</subfield>
      <subfield code="0">30001647</subfield>
      <subfield code="4">arr</subfield>
   </datafield>
   <datafield tag="700" ind1="1" ind2=" ">
      <subfield code="a">Schuster</subfield>
      <subfield code="0">30002943</subfield>
      <subfield code="4">clb</subfield>
   </datafield>
   <datafield tag="700" ind1="1" ind2=" ">
      <subfield code="a">Fischer</subfield>
      <subfield code="0">30001077</subfield>
      <subfield code="4">clb</subfield>
   </datafield>
   <datafield tag="700" ind1="1" ind2=" ">
      <subfield code="a">Sarasin, Lukas</subfield>
      <subfield code="d">1730-1802</subfield>
      <subfield code="0">30002825</subfield>
      <subfield code="4">fmo</subfield>
   </datafield>
   <datafield tag="852" ind1=" " ind2=" ">
      <subfield code="a">CH-Bu</subfield>
      <subfield code="c">kr IV 173 (Ms.163)</subfield>
      <subfield code="x">30000003</subfield>
   </datafield>
   </record>