
<record>
   <leader>00000cdd#a2200000###4500</leader>
   <controlfield tag="001">400108612</controlfield>
   <controlfield tag="003">RISM</controlfield>
   <controlfield tag="005">20100305111111.0</controlfield>
   <controlfield tag="008">100322s1924||||gw |||||||||||||||||gsw|d</controlfield>
   <datafield tag="031" ind1=" " ind2=" ">
      <subfield code="a">1</subfield>
      <subfield code="b">1</subfield>
      <subfield code="c">1</subfield>
      <subfield code="d">Frisch</subfield>
      <subfield code="g">G-2</subfield>
      <subfield code="m">T 1</subfield>
      <subfield code="o">6/8</subfield>
      <subfield code="p">'8G/''C'B''CEC'G/AFEF--/</subfield>
      <subfield code="r">C</subfield>
      <subfield code="t">Zwaü gstämpeti Fäckli u fähligraue Spatz</subfield>
      <subfield code="2">pe</subfield>
      <subfield code="u">30537934</subfield>
      </datafield>
   <datafield tag="041" ind1=" " ind2=" ">
      <subfield code="a">gsw</subfield>
   </datafield>
   <datafield tag="100" ind1="1" ind2=" ">
      <subfield code="a">Kagerer, Marcus Thomas</subfield>
      <subfield code="d">1878-1932</subfield>
      <subfield code="0">30015158</subfield>
   </datafield>
   <datafield tag="240" ind1="1" ind2="0">
      <subfield code="a">E Spatz</subfield>
      <subfield code="m">Coro maschile</subfield>
      <subfield code="r">C</subfield>
   </datafield>
   <datafield tag="245" ind1="1" ind2="0">
      <subfield code="a">[caption title:] E Spatz | Text v. Zyböri [= Theodor Bucher] | Männerchor | v. M. Kagerer, op. 258</subfield>
   </datafield>
   <datafield tag="260" ind1=" " ind2=" ">
      <subfield code="8">1\c</subfield>
      <subfield code="c">1924 (1924)</subfield>
   </datafield>
   <datafield tag="300" ind1=" " ind2=" ">
      <subfield code="8">1\c</subfield>
      <subfield code="a">score: 2p.</subfield>
      <subfield code="c">21,5 x 14 cm</subfield>
   </datafield>
   <datafield tag="383" ind1=" " ind2=" ">
      <subfield code="b">op.258</subfield>
   </datafield>
   <datafield tag="510" ind1="1" ind2=" ">
      <subfield code="a">RepertoriumBeromünst</subfield>
      </datafield>
   <datafield tag="593" ind1=" " ind2=" ">
      <subfield code="8">1\c</subfield>
      <subfield code="a">manuscript</subfield>
   </datafield>
   <datafield tag="594" ind1=" " ind2=" ">
      <subfield code="a">Coro T (2), Coro B (2)</subfield>
   </datafield>
   <datafield tag="650" ind1="0" ind2="0">
      <subfield code="a">Partsongs</subfield>
   </datafield>
   <datafield tag="700" ind1="1" ind2=" ">
      <subfield code="a">Bucher, Theodor</subfield>
      <subfield code="d">1868*</subfield>
      <subfield code="0">30026305</subfield>
      <subfield code="4">lyr</subfield>
   </datafield>
   <datafield tag="852" ind1=" " ind2=" ">
      <subfield code="a">CH-BM</subfield>
      <subfield code="c">Mus.Ms.410</subfield>
      <subfield code="x">30000005</subfield>
   </datafield>
   </record>