
<record>
   <leader>00000cdd#a2200000###4500</leader>
   <controlfield tag="001">400108198</controlfield>
   <controlfield tag="003">RISM</controlfield>
   <controlfield tag="005">20100224111111.0</controlfield>
   <controlfield tag="008">100322k18401860gw |||||||||||||||||lat|d</controlfield>
   <datafield tag="031" ind1=" " ind2=" ">
      <subfield code="a">1</subfield>
      <subfield code="b">1</subfield>
      <subfield code="c">1</subfield>
      <subfield code="d">Adagio</subfield>
      <subfield code="g">G-2</subfield>
      <subfield code="m">vl 1</subfield>
      <subfield code="n">xF</subfield>
      <subfield code="o">3/8</subfield>
      <subfield code="p">'8D/4G8B/4A''8D/{6D'xABF}{GB}/{8ADxA}/4B</subfield>
      <subfield code="r">G</subfield>
      <subfield code="2">pe</subfield>
      <subfield code="u">30536448</subfield>
      </datafield>
   <datafield tag="031" ind1=" " ind2=" ">
      <subfield code="a">1</subfield>
      <subfield code="b">1</subfield>
      <subfield code="c">2</subfield>
      <subfield code="g">C-1</subfield>
      <subfield code="m">S solo</subfield>
      <subfield code="n">xF</subfield>
      <subfield code="o">3/8</subfield>
      <subfield code="p">=8/=16/'4G8D/4G8B/{''D'A}''E/4D8-/'8.B6A8G/{FA}''D/{xCFE}/D--/'4G8D/4G8B/''{D'B}''nF/E--/</subfield>
      <subfield code="r">G</subfield>
      <subfield code="t">Ave Jesu Domine, tu qui natus hodie</subfield>
      <subfield code="2">pe</subfield>
      <subfield code="u">30536449</subfield>
      </datafield>
   <datafield tag="041" ind1=" " ind2=" ">
      <subfield code="a">lat</subfield>
   </datafield>
   <datafield tag="100" ind1="1" ind2=" ">
      <subfield code="a">Kainzner, Ignaz W.</subfield>
      <subfield code="0">30025469</subfield>
   </datafield>
   <datafield tag="240" ind1="1" ind2="0">
      <subfield code="a">Ave Jesu Domine</subfield>
      <subfield code="m">S, Coro, orch, org</subfield>
      <subfield code="r">G</subfield>
   </datafield>
   <datafield tag="245" ind1="1" ind2="0">
      <subfield code="a">[dust cover title:] Offertorium pastorale | a | Soprano Solo | cum | Choro | 2 Violin Viola Organo Violone | Flauto Clarinetto in C. 2 Corni | et | Tÿmpani. | par | J. W. Kainzner. | [at bottom:] Dom. Herzog</subfield>
   </datafield>
   <datafield tag="260" ind1=" " ind2=" ">
      <subfield code="8">1\c</subfield>
      <subfield code="c">1840-1860 (19.me)</subfield>
   </datafield>
   <datafield tag="300" ind1=" " ind2=" ">
      <subfield code="8">1\c</subfield>
      <subfield code="a">14 parts: 1, 1, 1, 1, 1, 2, 2, 2, 2, 2, 1, 1, 1, 1p.</subfield>
      <subfield code="c">34 (17,5) x 25 (25) cm</subfield>
   </datafield>
   <datafield tag="500" ind1=" " ind2=" ">
      <subfield code="8">1\c</subfield>
      <subfield code="a">timp missing</subfield>
   </datafield>
   <datafield tag="510" ind1="1" ind2=" ">
      <subfield code="a">RepertoriumBeromünst</subfield>
      </datafield>
   <datafield tag="590" ind1=" " ind2=" ">
      <subfield code="8">1\c</subfield>
      <subfield code="a">S solo, Coro: S, A, T, B, vl 1, 2, vla, vlne, org (= b.fig), fl, cl in C, cor 1, 2 in G</subfield>
   </datafield>
   <datafield tag="593" ind1=" " ind2=" ">
      <subfield code="8">1\c</subfield>
      <subfield code="a">manuscript</subfield>
   </datafield>
   <datafield tag="594" ind1=" " ind2=" ">
      <subfield code="a">S, Coro S, Coro A, Coro T, Coro B, vl 1, vl 2, vla, b, fl, cl, cor (2), timp, org, b, bc: org</subfield>
   </datafield>
   <datafield tag="650" ind1="0" ind2="0">
      <subfield code="a">Offertories</subfield>
   </datafield>
   <datafield tag="700" ind1="1" ind2=" ">
      <subfield code="8">1\c</subfield>
      <subfield code="a">Herzog, Dominik</subfield>
      <subfield code="0">30007268</subfield>
      <subfield code="4">scr</subfield>
   </datafield>
   <datafield tag="700" ind1="1" ind2=" ">
      <subfield code="a">Herzog, Dominik</subfield>
      <subfield code="d">1877+</subfield>
      <subfield code="0">30007268</subfield>
      <subfield code="4">fmo</subfield>
   </datafield>
   <datafield tag="852" ind1=" " ind2=" ">
      <subfield code="a">CH-BM</subfield>
      <subfield code="c">Mus.Ms.126</subfield>
      <subfield code="x">30000005</subfield>
   </datafield>
   </record>