
<record>
   <leader>00000cdd#a2200000###4500</leader>
   <controlfield tag="001">401000195</controlfield>
   <controlfield tag="003">RISM</controlfield>
   <controlfield tag="005">20100303111111.0</controlfield>
   <controlfield tag="008">100322k19001949gw |||||||||||||||||lat|d</controlfield>
   <datafield tag="031" ind1=" " ind2=" ">
      <subfield code="a">1</subfield>
      <subfield code="b">1</subfield>
      <subfield code="c">1</subfield>
      <subfield code="g">G-2</subfield>
      <subfield code="m">T 1</subfield>
      <subfield code="n">bB</subfield>
      <subfield code="o">3/4</subfield>
      <subfield code="p">''4CCC/2F4E/4DC'B/2A</subfield>
      <subfield code="r">F</subfield>
      <subfield code="t">Aeterne rex altissime, redemptor et fidelium</subfield>
      <subfield code="2">pe</subfield>
      <subfield code="u">30564758</subfield>
      </datafield>
   <datafield tag="041" ind1=" " ind2=" ">
      <subfield code="a">lat</subfield>
   </datafield>
   <datafield tag="100" ind1="1" ind2=" ">
      <subfield code="a">Kunz, Leo</subfield>
      <subfield code="d">1871-1935</subfield>
      <subfield code="0">30019095</subfield>
   </datafield>
   <datafield tag="240" ind1="1" ind2="0">
      <subfield code="a">Aeterne rex altissime</subfield>
      <subfield code="k">Arr</subfield>
      <subfield code="m">Coro maschile</subfield>
      <subfield code="r">F</subfield>
   </datafield>
   <datafield tag="245" ind1="1" ind2="0">
      <subfield code="a">[score, caption title:] Äterne altissime</subfield>
   </datafield>
   <datafield tag="260" ind1=" " ind2=" ">
      <subfield code="8">1\c</subfield>
      <subfield code="c">1900-1949 (20.1d)</subfield>
   </datafield>
   <datafield tag="260" ind1=" " ind2=" ">
      <subfield code="8">2\c</subfield>
      <subfield code="c">1900-1949</subfield>
      </datafield>
   <datafield tag="300" ind1=" " ind2=" ">
      <subfield code="8">1\c</subfield>
      <subfield code="a">score</subfield>
      </datafield>
   <datafield tag="300" ind1=" " ind2=" ">
      <subfield code="8">2\c</subfield>
      <subfield code="a">16 parts</subfield>
      </datafield>
   <datafield tag="500" ind1=" " ind2=" ">
      <subfield code="a">401000755</subfield>
   </datafield>
   <datafield tag="590" ind1=" " ind2=" ">
      <subfield code="8">2\c</subfield>
      <subfield code="a">T 1 (4x), T 2 (4x), B 1 (4x), B 2 (4x)</subfield>
      </datafield>
   <datafield tag="593" ind1=" " ind2=" ">
      <subfield code="8">1\c</subfield>
      <subfield code="a">manuscript</subfield>
   </datafield>
   <datafield tag="593" ind1=" " ind2=" ">
      <subfield code="8">2\c</subfield>
      <subfield code="a">manuscript</subfield>
      </datafield>
   <datafield tag="594" ind1=" " ind2=" ">
      <subfield code="a">Coro T (2), Coro B (2)</subfield>
   </datafield>
   <datafield tag="650" ind1="0" ind2="0">
      <subfield code="a">Hymns</subfield>
   </datafield>
   <datafield tag="650" ind1="0" ind2="0">
      <subfield code="a">Motets</subfield>
   </datafield>
   <datafield tag="657" ind1=" " ind2="7">
      <subfield code="a">Corpus Christi</subfield>
   </datafield>
   <datafield tag="773" ind1="0" ind2=" ">
      <subfield code="a">401000755</subfield>
   </datafield>
   <datafield tag="852" ind1=" " ind2=" ">
      <subfield code="a">CH-D</subfield>
      <subfield code="c">Mw 45/2 (Ms.13202)</subfield>
      <subfield code="x">30000507</subfield>
   </datafield>
   </record>