
<record>
   <leader>00000cdd#a2200000###4500</leader>
   <controlfield tag="001">401000182</controlfield>
   <controlfield tag="003">RISM</controlfield>
   <controlfield tag="005">20100303111111.0</controlfield>
   <controlfield tag="008">100322s1919||||gw |||||||||||||||||lat|d</controlfield>
   <datafield tag="031" ind1=" " ind2=" ">
      <subfield code="a">1</subfield>
      <subfield code="b">1</subfield>
      <subfield code="c">1</subfield>
      <subfield code="d">Devote</subfield>
      <subfield code="g">G-2</subfield>
      <subfield code="m">T 2</subfield>
      <subfield code="n">bBEA</subfield>
      <subfield code="o">4/4</subfield>
      <subfield code="p">2'G4GB/BA2G/</subfield>
      <subfield code="r">E|b</subfield>
      <subfield code="t">Ave Maria, gratia plena Dominus tecum</subfield>
      <subfield code="2">pe</subfield>
      <subfield code="u">30564723</subfield>
      </datafield>
   <datafield tag="031" ind1=" " ind2=" ">
      <subfield code="a">1</subfield>
      <subfield code="b">1</subfield>
      <subfield code="c">2</subfield>
      <subfield code="g">G-2</subfield>
      <subfield code="m">T 1</subfield>
      <subfield code="n">bBEA</subfield>
      <subfield code="o">4/4</subfield>
      <subfield code="p">''=2/2E4DE/GF2E/E4DE/FC2C/</subfield>
      <subfield code="q">Taktart ermittelt</subfield>
      <subfield code="r">E|b</subfield>
      <subfield code="t">Ave Maria, gratia plena Dominus tecum</subfield>
      <subfield code="2">pe</subfield>
      <subfield code="u">30564724</subfield>
      </datafield>
   <datafield tag="041" ind1=" " ind2=" ">
      <subfield code="a">lat</subfield>
   </datafield>
   <datafield tag="100" ind1="1" ind2=" ">
      <subfield code="a">Kunz, Leo</subfield>
      <subfield code="d">1871-1935</subfield>
      <subfield code="0">30019095</subfield>
   </datafield>
   <datafield tag="240" ind1="1" ind2="0">
      <subfield code="a">Ave Maria</subfield>
      <subfield code="m">Coro maschile, strings, org</subfield>
      <subfield code="r">E|b</subfield>
   </datafield>
   <datafield tag="245" ind1="1" ind2="0">
      <subfield code="a">[score, caption title:] Ave Maria für 3 Männerstimmen mit Orgel | [vl 1, vlc, caption title:] Ave Maria f. 2 od. 3 Stimmen | P. L. K. [Pater Leo Kunz]</subfield>
   </datafield>
   <datafield tag="260" ind1=" " ind2=" ">
      <subfield code="8">1\c</subfield>
      <subfield code="c">1919 (1919)</subfield>
   </datafield>
   <datafield tag="260" ind1=" " ind2=" ">
      <subfield code="8">2\c</subfield>
      <subfield code="c">1919</subfield>
      </datafield>
   <datafield tag="260" ind1=" " ind2=" ">
      <subfield code="8">3\c</subfield>
      <subfield code="c">1919</subfield>
      </datafield>
   <datafield tag="300" ind1=" " ind2=" ">
      <subfield code="8">1\c</subfield>
      <subfield code="a">score</subfield>
      </datafield>
   <datafield tag="300" ind1=" " ind2=" ">
      <subfield code="8">2\c</subfield>
      <subfield code="a">8 parts</subfield>
      </datafield>
   <datafield tag="300" ind1=" " ind2=" ">
      <subfield code="8">3\c</subfield>
      <subfield code="a">short score (choral score)</subfield>
      </datafield>
   <datafield tag="500" ind1=" " ind2=" ">
      <subfield code="a">vocal parts: originale Bezeichnungen: "Tenor" (= T 1), "2. Stimme" (= T 2), "3. Stimme" (= B), "Baryton"</subfield>
   </datafield>
   <datafield tag="500" ind1=" " ind2=" ">
      <subfield code="a">Originale Chorbesetzung vermutlich 3stimmig: T 1 &amp; 2, B</subfield>
   </datafield>
   <datafield tag="500" ind1=" " ind2=" ">
      <subfield code="a">2stimmige Fassung: T (= T 1), Bar</subfield>
   </datafield>
   <datafield tag="500" ind1=" " ind2=" ">
      <subfield code="a">vergleiche Hinweis auf Bariton-Stimme: "diese Stimme wird gebraucht, wenn nur 2stimmig gesungen wird". In Partitur (score) und org-Stimme nur 3stimmige Fassung, ohne Besetzungshinweis für 2stimmige Fassung</subfield>
   </datafield>
   <datafield tag="500" ind1=" " ind2=" ">
      <subfield code="a">Begleitung: Orgel</subfield>
   </datafield>
   <datafield tag="500" ind1=" " ind2=" ">
      <subfield code="a">Streicher ad libitum (in score nicht notiert)</subfield>
   </datafield>
   <datafield tag="500" ind1=" " ind2=" ">
      <subfield code="a">Material datiert "2. April 19" (score), spätere Daten im April 1919 (chorus score, T 1, 2, B) und im Juli 1921 (vl, vlc)</subfield>
   </datafield>
   <datafield tag="500" ind1=" " ind2=" ">
      <subfield code="a">401000753</subfield>
   </datafield>
   <datafield tag="500" ind1=" " ind2=" ">
      <subfield code="8">2\c</subfield>
      <subfield code="a">other parts missing</subfield>
   </datafield>
   <datafield tag="590" ind1=" " ind2=" ">
      <subfield code="8">2\c</subfield>
      <subfield code="a">T 1 (2x), T 2, B (2x), Bariton, vl 1, vlc</subfield>
      </datafield>
   <datafield tag="593" ind1=" " ind2=" ">
      <subfield code="8">1\c</subfield>
      <subfield code="a">autograph</subfield>
   </datafield>
   <datafield tag="593" ind1=" " ind2=" ">
      <subfield code="8">2\c</subfield>
      <subfield code="a">autograph</subfield>
      </datafield>
   <datafield tag="593" ind1=" " ind2=" ">
      <subfield code="8">3\c</subfield>
      <subfield code="a">autograph</subfield>
      </datafield>
   <datafield tag="594" ind1=" " ind2=" ">
      <subfield code="a">Coro T (2), Coro B, T (T 1), Bariton (T 2), Bariton (B), strings (X), org</subfield>
   </datafield>
   <datafield tag="650" ind1="0" ind2="0">
      <subfield code="a">Sacred songs</subfield>
   </datafield>
   <datafield tag="773" ind1="0" ind2=" ">
      <subfield code="a">401000753</subfield>
   </datafield>
   <datafield tag="852" ind1=" " ind2=" ">
      <subfield code="a">CH-D</subfield>
      <subfield code="c">Mw 41/8 (Ms.13190)</subfield>
      <subfield code="x">30000507</subfield>
   </datafield>
   </record>