
<record>
   <leader>00000cdd#a2200000###4500</leader>
   <controlfield tag="001">401000874</controlfield>
   <controlfield tag="003">RISM</controlfield>
   <controlfield tag="005">20100305111111.0</controlfield>
   <controlfield tag="008">100322s1902||||gw |||||||||||||||||ger|d</controlfield>
   <datafield tag="031" ind1=" " ind2=" ">
      <subfield code="a">1</subfield>
      <subfield code="b">1</subfield>
      <subfield code="c">1</subfield>
      <subfield code="d">Moderato</subfield>
      <subfield code="g">G-2</subfield>
      <subfield code="m">harmonium</subfield>
      <subfield code="n">bB</subfield>
      <subfield code="o">4/4</subfield>
      <subfield code="p">2'F4GxG/2A4BnB/{8''CFED}{C'FEA}/2.(F)</subfield>
      <subfield code="r">F</subfield>
      <subfield code="2">pe</subfield>
      <subfield code="u">30567996</subfield>
      </datafield>
   <datafield tag="031" ind1=" " ind2=" ">
      <subfield code="a">1</subfield>
      <subfield code="b">2</subfield>
      <subfield code="c">1</subfield>
      <subfield code="d">Langsam</subfield>
      <subfield code="o">4/4</subfield>
      <subfield code="q">Taktart ermittelt</subfield>
      <subfield code="r">B|b</subfield>
      <subfield code="u">30567997</subfield>
      </datafield>
   <datafield tag="031" ind1=" " ind2=" ">
      <subfield code="a">1</subfield>
      <subfield code="b">3</subfield>
      <subfield code="c">1</subfield>
      <subfield code="d">Allegro</subfield>
      <subfield code="o">4/4</subfield>
      <subfield code="r">a</subfield>
      <subfield code="t">Männer des Tales</subfield>
      <subfield code="u">30567998</subfield>
      </datafield>
   <datafield tag="031" ind1=" " ind2=" ">
      <subfield code="a">1</subfield>
      <subfield code="b">4</subfield>
      <subfield code="c">1</subfield>
      <subfield code="d">Bewegt</subfield>
      <subfield code="o">4/4</subfield>
      <subfield code="r">C</subfield>
      <subfield code="t">Beile hallen Tannen fallen</subfield>
      <subfield code="u">30567999</subfield>
      </datafield>
   <datafield tag="031" ind1=" " ind2=" ">
      <subfield code="a">1</subfield>
      <subfield code="b">5</subfield>
      <subfield code="c">1</subfield>
      <subfield code="d">Ruhig und getragen</subfield>
      <subfield code="o">3/4</subfield>
      <subfield code="r">A|b</subfield>
      <subfield code="u">30568000</subfield>
      </datafield>
   <datafield tag="031" ind1=" " ind2=" ">
      <subfield code="a">1</subfield>
      <subfield code="b">6</subfield>
      <subfield code="c">1</subfield>
      <subfield code="d">Zwischenspiel. Moderato</subfield>
      <subfield code="o">3/4</subfield>
      <subfield code="r">E|b</subfield>
      <subfield code="u">30568001</subfield>
      </datafield>
   <datafield tag="031" ind1=" " ind2=" ">
      <subfield code="a">1</subfield>
      <subfield code="b">7</subfield>
      <subfield code="c">1</subfield>
      <subfield code="d">Bewegt</subfield>
      <subfield code="o">3/8</subfield>
      <subfield code="r">C</subfield>
      <subfield code="t">Lieblich verhallen die Klänge</subfield>
      <subfield code="u">30568002</subfield>
      </datafield>
   <datafield tag="031" ind1=" " ind2=" ">
      <subfield code="a">1</subfield>
      <subfield code="b">8</subfield>
      <subfield code="c">1</subfield>
      <subfield code="d">Langsamer</subfield>
      <subfield code="o">4/4</subfield>
      <subfield code="r">C</subfield>
      <subfield code="u">30568003</subfield>
      </datafield>
   <datafield tag="031" ind1=" " ind2=" ">
      <subfield code="a">1</subfield>
      <subfield code="b">9</subfield>
      <subfield code="c">1</subfield>
      <subfield code="d">Ernst und feierlich</subfield>
      <subfield code="o">4/4</subfield>
      <subfield code="q">Taktart ermittelt</subfield>
      <subfield code="r">G</subfield>
      <subfield code="u">30568004</subfield>
      </datafield>
   <datafield tag="031" ind1=" " ind2=" ">
      <subfield code="a">1</subfield>
      <subfield code="b">10</subfield>
      <subfield code="c">1</subfield>
      <subfield code="d">Allegro sforzato</subfield>
      <subfield code="o">4/4</subfield>
      <subfield code="r">C</subfield>
      <subfield code="t">Stürzen können wohl die Hallen</subfield>
      <subfield code="u">30568005</subfield>
      </datafield>
   <datafield tag="031" ind1=" " ind2=" ">
      <subfield code="a">1</subfield>
      <subfield code="b">11</subfield>
      <subfield code="c">1</subfield>
      <subfield code="d">Allegro marcato</subfield>
      <subfield code="o">4/4</subfield>
      <subfield code="q">Taktart ermittelt</subfield>
      <subfield code="r">A</subfield>
      <subfield code="t">Turm und Pfeiler mag zerstieben</subfield>
      <subfield code="u">30568006</subfield>
      </datafield>
   <datafield tag="031" ind1=" " ind2=" ">
      <subfield code="a">1</subfield>
      <subfield code="b">12</subfield>
      <subfield code="c">1</subfield>
      <subfield code="d">Moderato</subfield>
      <subfield code="o">4/4</subfield>
      <subfield code="r">d</subfield>
      <subfield code="u">30568007</subfield>
      </datafield>
   <datafield tag="031" ind1=" " ind2=" ">
      <subfield code="a">1</subfield>
      <subfield code="b">13</subfield>
      <subfield code="c">1</subfield>
      <subfield code="d">Allegro marziale</subfield>
      <subfield code="o">4/4</subfield>
      <subfield code="q">Taktart ermittelt</subfield>
      <subfield code="r">d</subfield>
      <subfield code="u">30568008</subfield>
      </datafield>
   <datafield tag="031" ind1=" " ind2=" ">
      <subfield code="a">1</subfield>
      <subfield code="b">14</subfield>
      <subfield code="c">1</subfield>
      <subfield code="d">Ernst und traurig</subfield>
      <subfield code="o">4/4</subfield>
      <subfield code="r">f</subfield>
      <subfield code="u">30568009</subfield>
      </datafield>
   <datafield tag="041" ind1=" " ind2=" ">
      <subfield code="a">ger</subfield>
   </datafield>
   <datafield tag="100" ind1="1" ind2=" ">
      <subfield code="a">Kunz, Leo</subfield>
      <subfield code="d">1871-1935</subfield>
      <subfield code="0">30019095</subfield>
   </datafield>
   <datafield tag="240" ind1="1" ind2="0">
      <subfield code="a">Der Grundstein der Liebfrauenkirche in Disentis</subfield>
      <subfield code="k">Fragments</subfield>
      <subfield code="m">V (X), Coro, orch</subfield>
      </datafield>
   <datafield tag="245" ind1="1" ind2="0">
      <subfield code="a">[harmonium, caption title:] Der Grundstein d. Liebfrauenkirche in Disentis. | Kantate. Dichtung v. P. M. C. [Pater Maurus Carnot]</subfield>
   </datafield>
   <datafield tag="260" ind1=" " ind2=" ">
      <subfield code="8">1\c</subfield>
      <subfield code="c">1902 (1902)</subfield>
   </datafield>
   <datafield tag="300" ind1=" " ind2=" ">
      <subfield code="8">1\c</subfield>
      <subfield code="a">1 part: 9p.</subfield>
      <subfield code="c">25,2 x 34 cm</subfield>
   </datafield>
   <datafield tag="500" ind1=" " ind2=" ">
      <subfield code="a">Komponist dieser Kantate ist vermutlich Leo Kunz, die nach AffentrangerK 1981 bei der Feier des 25jährigen Priesterjubiläums von Abt Benedikt Prevost am 8. Mai 1896 im Kloster Disentis uraufgeführt wurde</subfield>
   </datafield>
   <datafield tag="500" ind1=" " ind2=" ">
      <subfield code="a">Besetzung: in der harmonium-Stimme ist keine genaue Besetzungsangabe vorhanden</subfield>
   </datafield>
   <datafield tag="500" ind1=" " ind2=" ">
      <subfield code="a">nach AffentrangerK 1981 für Soli, gemischten Chor, Knabenchor, Männerchor, Klavier und Harmonium</subfield>
   </datafield>
   <datafield tag="500" ind1=" " ind2=" ">
      <subfield code="a">Material harmonium: spätere, vermutlich eigenhändige Abschrift, am Ende datiert "23. Juni 1902"</subfield>
   </datafield>
   <datafield tag="500" ind1=" " ind2=" ">
      <subfield code="a">Die Kantate endet in c-Moll</subfield>
   </datafield>
   <datafield tag="500" ind1=" " ind2=" ">
      <subfield code="8">1\c</subfield>
      <subfield code="a">other parts missing</subfield>
   </datafield>
   <datafield tag="510" ind1="1" ind2=" ">
      <subfield code="a">AffentrangerK 1981</subfield>
      <subfield code="c">p.139</subfield>
      </datafield>
   <datafield tag="518" ind1=" " ind2=" ">
      <subfield code="a">08.05.1896 Disentis, Kloster</subfield>
   </datafield>
   <datafield tag="590" ind1=" " ind2=" ">
      <subfield code="8">1\c</subfield>
      <subfield code="a">harmonium</subfield>
   </datafield>
   <datafield tag="593" ind1=" " ind2=" ">
      <subfield code="8">1\c</subfield>
      <subfield code="a">autograph</subfield>
   </datafield>
   <datafield tag="594" ind1=" " ind2=" ">
      <subfield code="a">V (X), Coro B (X), Coro B (X), Coro B (X), harmonium, pf</subfield>
   </datafield>
   <datafield tag="650" ind1="0" ind2="0">
      <subfield code="a">Cantatas</subfield>
   </datafield>
   <datafield tag="700" ind1="1" ind2=" ">
      <subfield code="a">Carnot, Maurus</subfield>
      <subfield code="d">1865*</subfield>
      <subfield code="0">30026528</subfield>
      <subfield code="4">lyr</subfield>
   </datafield>
   <datafield tag="852" ind1=" " ind2=" ">
      <subfield code="a">CH-D</subfield>
      <subfield code="c">ML 1806 (Ms.13768)</subfield>
      <subfield code="x">30000507</subfield>
   </datafield>
   </record>