
<record>
   <leader>00000cdd#a2200000###4500</leader>
   <controlfield tag="001">401000880</controlfield>
   <controlfield tag="003">RISM</controlfield>
   <controlfield tag="005">20100305111111.0</controlfield>
   <controlfield tag="008">100322k19001910gw |||||||||||||||||ger|d</controlfield>
   <datafield tag="031" ind1=" " ind2=" ">
      <subfield code="a">1</subfield>
      <subfield code="b">1</subfield>
      <subfield code="c">1</subfield>
      <subfield code="d">Andächtig</subfield>
      <subfield code="g">F-4</subfield>
      <subfield code="m">pf</subfield>
      <subfield code="n">bBEA</subfield>
      <subfield code="o">4/4</subfield>
      <subfield code="p">4,,E,,,B,,E,,,B/2,GG/BB/nBbB/'E,nB/'CE/,A'C/</subfield>
      <subfield code="r">E|b</subfield>
      <subfield code="2">pe</subfield>
      <subfield code="u">30568047</subfield>
      </datafield>
   <datafield tag="031" ind1=" " ind2=" ">
      <subfield code="a">1</subfield>
      <subfield code="b">1</subfield>
      <subfield code="c">2</subfield>
      <subfield code="d">Feierlich</subfield>
      <subfield code="g">G-2</subfield>
      <subfield code="m">S</subfield>
      <subfield code="n">bBEA</subfield>
      <subfield code="o">4/4</subfield>
      <subfield code="p">2'G4GG/2B4GE/{8CD}EF2G/B4G{8EG}/2''C4'G{''8CE}/2F4D'A/1B/</subfield>
      <subfield code="q">+</subfield>
      <subfield code="r">E|b</subfield>
      <subfield code="t">Feierlich tönen die Glocken vom Dom</subfield>
      <subfield code="2">pe</subfield>
      <subfield code="u">30568048</subfield>
      </datafield>
   <datafield tag="041" ind1=" " ind2=" ">
      <subfield code="a">ger</subfield>
   </datafield>
   <datafield tag="100" ind1="1" ind2=" ">
      <subfield code="a">Kunz, Leo</subfield>
      <subfield code="d">1871-1935</subfield>
      <subfield code="0">30019095</subfield>
   </datafield>
   <datafield tag="240" ind1="1" ind2="0">
      <subfield code="a">Der Nonnen Weihnachtskindchen</subfield>
      <subfield code="m">Coro femminile, pf</subfield>
      <subfield code="r">E|b</subfield>
   </datafield>
   <datafield tag="245" ind1="1" ind2="0">
      <subfield code="a">[score, caption title:] Der Nonnen Weihnachtskindchen Gedicht v. P. Maurus Carnot | O.S.B.</subfield>
   </datafield>
   <datafield tag="260" ind1=" " ind2=" ">
      <subfield code="8">1\c</subfield>
      <subfield code="c">1900-1910 (20.in)</subfield>
   </datafield>
   <datafield tag="300" ind1=" " ind2=" ">
      <subfield code="8">1\c</subfield>
      <subfield code="a">score: 3p.</subfield>
      <subfield code="c">25,1 x 33,8 cm</subfield>
   </datafield>
   <datafield tag="500" ind1=" " ind2=" ">
      <subfield code="a">Komponist vermutlich Leo Kunz, Material eindeutig von seiner Hand</subfield>
   </datafield>
   <datafield tag="500" ind1=" " ind2=" ">
      <subfield code="a">Material score: ohne Besetzungsangabe, vermutlich für zweistimmigen Frauenchor (S, A) und Tasteninstrument (Klavier)</subfield>
   </datafield>
   <datafield tag="593" ind1=" " ind2=" ">
      <subfield code="8">1\c</subfield>
      <subfield code="a">autograph</subfield>
   </datafield>
   <datafield tag="594" ind1=" " ind2=" ">
      <subfield code="a">Coro S, Coro A, pf</subfield>
   </datafield>
   <datafield tag="650" ind1="0" ind2="0">
      <subfield code="a">Sacred songs</subfield>
   </datafield>
   <datafield tag="657" ind1=" " ind2="7">
      <subfield code="a">Nativitas Domini</subfield>
   </datafield>
   <datafield tag="700" ind1="1" ind2=" ">
      <subfield code="a">Carnot, Maurus</subfield>
      <subfield code="d">1865*</subfield>
      <subfield code="0">30026528</subfield>
      <subfield code="4">lyr</subfield>
   </datafield>
   <datafield tag="852" ind1=" " ind2=" ">
      <subfield code="a">CH-D</subfield>
      <subfield code="c">ML 1970 (Ms.13774)</subfield>
      <subfield code="x">30000507</subfield>
   </datafield>
   </record>