
<record>
   <leader>00000cdd#a2200000###4500</leader>
   <controlfield tag="001">401000881</controlfield>
   <controlfield tag="003">RISM</controlfield>
   <controlfield tag="005">20100305111111.0</controlfield>
   <controlfield tag="008">100322s1907||||gw |||||||||||||||||ger|d</controlfield>
   <datafield tag="031" ind1=" " ind2=" ">
      <subfield code="a">1</subfield>
      <subfield code="b">1</subfield>
      <subfield code="c">1</subfield>
      <subfield code="d">1. Akt 1. Szene / N|o 1. Toast. Allegro</subfield>
      <subfield code="g">G-2</subfield>
      <subfield code="m">pf</subfield>
      <subfield code="n">xFC</subfield>
      <subfield code="o">2/4</subfield>
      <subfield code="p">4''D{6'DDFA}/{''D'FA''D}{F'A''DF}/{8AB+BA}/{xGAB'''C}/4D</subfield>
      <subfield code="r">D</subfield>
      <subfield code="2">pe</subfield>
      <subfield code="u">30568050</subfield>
      </datafield>
   <datafield tag="031" ind1=" " ind2=" ">
      <subfield code="a">1</subfield>
      <subfield code="b">2</subfield>
      <subfield code="c">1</subfield>
      <subfield code="d">N|o 1|a Festchor. Allegro quasi presto</subfield>
      <subfield code="g">G-2</subfield>
      <subfield code="m">pf</subfield>
      <subfield code="n">bBEAD</subfield>
      <subfield code="o">4/4</subfield>
      <subfield code="p">2'E4AB/{8''C'GA''C}{E'nB''CE}/2A{8AGFE}/4.F8'B</subfield>
      <subfield code="r">A|b</subfield>
      <subfield code="2">pe</subfield>
      <subfield code="u">30568051</subfield>
      </datafield>
   <datafield tag="031" ind1=" " ind2=" ">
      <subfield code="a">1</subfield>
      <subfield code="b">2</subfield>
      <subfield code="c">2</subfield>
      <subfield code="g">G-2</subfield>
      <subfield code="m">S</subfield>
      <subfield code="n">bBEAD</subfield>
      <subfield code="o">4/4</subfield>
      <subfield code="p">2'E4A''C/2E4CC/2'A4''CE/4.F8'B2B/</subfield>
      <subfield code="r">A|b</subfield>
      <subfield code="t">Eilt zu den Fluren und pflücket die Blumen</subfield>
      <subfield code="2">pe</subfield>
      <subfield code="u">30568052</subfield>
      </datafield>
   <datafield tag="031" ind1=" " ind2=" ">
      <subfield code="a">1</subfield>
      <subfield code="b">3</subfield>
      <subfield code="c">1</subfield>
      <subfield code="d">Anf[ang] des 3. Aktes / N|o 2. Melodrama. Moderato</subfield>
      <subfield code="o">6/4</subfield>
      <subfield code="r">A|b</subfield>
      <subfield code="u">30568053</subfield>
      </datafield>
   <datafield tag="031" ind1=" " ind2=" ">
      <subfield code="a">1</subfield>
      <subfield code="b">4</subfield>
      <subfield code="c">1</subfield>
      <subfield code="d">3. Akt 4. Szene / N|o 3. Lied u. Rezitativ des Philippo. Freudig erregt</subfield>
      <subfield code="o">3/4</subfield>
      <subfield code="r">F</subfield>
      <subfield code="t">Laßt mich jubeln frei bin ich aus Räuberhänden</subfield>
      <subfield code="u">30568054</subfield>
      </datafield>
   <datafield tag="031" ind1=" " ind2=" ">
      <subfield code="a">1</subfield>
      <subfield code="b">5</subfield>
      <subfield code="c">1</subfield>
      <subfield code="d">Rezitativ u. Lied.</subfield>
      <subfield code="o">3/4</subfield>
      <subfield code="r">F</subfield>
      <subfield code="t">Frag nicht warum hier meine Heimat</subfield>
      <subfield code="u">30568055</subfield>
      </datafield>
   <datafield tag="031" ind1=" " ind2=" ">
      <subfield code="a">1</subfield>
      <subfield code="b">6</subfield>
      <subfield code="c">1</subfield>
      <subfield code="d">Andante</subfield>
      <subfield code="o">4/4</subfield>
      <subfield code="r">F</subfield>
      <subfield code="t">So hat gerauscht der Baum am Weg in jenen Jahren</subfield>
      <subfield code="u">30568056</subfield>
      </datafield>
   <datafield tag="031" ind1=" " ind2=" ">
      <subfield code="a">1</subfield>
      <subfield code="b">7</subfield>
      <subfield code="c">1</subfield>
      <subfield code="d">Anf[ang] des 5. Aktes / N|o 4. Zigeunerlied. Froh und heiter</subfield>
      <subfield code="o">3/4</subfield>
      <subfield code="r">A|b</subfield>
      <subfield code="t">Wir braune Gesellen durchziehen das Land</subfield>
      <subfield code="u">30568057</subfield>
      </datafield>
   <datafield tag="041" ind1=" " ind2=" ">
      <subfield code="a">ger</subfield>
   </datafield>
   <datafield tag="100" ind1="1" ind2=" ">
      <subfield code="a">Kunz, Leo</subfield>
      <subfield code="d">1871-1935</subfield>
      <subfield code="0">30019095</subfield>
   </datafield>
   <datafield tag="240" ind1="1" ind2="0">
      <subfield code="a">Der Schwarze Ritter</subfield>
      </datafield>
   <datafield tag="245" ind1="1" ind2="0">
      <subfield code="a">[condensed score, cover title:] Partitur zu den Liedern | zum Schauspiel "Der schwarze Ritter" | v. Huben. | Text zu den Liedern v. P. Maurus Carnot | [red pencil:] Musik | v. P.L.K. [Pater Leo Kunz] | [condensed score, caption title:] Musikalische Einlagen zum Schauspiel Der schwarze Ritter v. H. Houben | Partitura [pencil:] v. P.L.K.</subfield>
   </datafield>
   <datafield tag="260" ind1=" " ind2=" ">
      <subfield code="8">1\c</subfield>
      <subfield code="c">1907 (1907)</subfield>
   </datafield>
   <datafield tag="260" ind1=" " ind2=" ">
      <subfield code="8">2\c</subfield>
      <subfield code="c">1907</subfield>
      </datafield>
   <datafield tag="260" ind1=" " ind2=" ">
      <subfield code="8">3\c</subfield>
      <subfield code="c">1907</subfield>
      </datafield>
   <datafield tag="260" ind1=" " ind2=" ">
      <subfield code="8">4\c</subfield>
      <subfield code="c">1913</subfield>
      </datafield>
   <datafield tag="300" ind1=" " ind2=" ">
      <subfield code="8">1\c</subfield>
      <subfield code="a">short score: 10p.</subfield>
      <subfield code="c">25,5 x 34 cm</subfield>
   </datafield>
   <datafield tag="300" ind1=" " ind2=" ">
      <subfield code="8">2\c</subfield>
      <subfield code="a">5 parts: 2, 6, 6, 10, 5p.</subfield>
      <subfield code="c">34,8 x 25,1 cm</subfield>
   </datafield>
   <datafield tag="300" ind1=" " ind2=" ">
      <subfield code="8">3\c</subfield>
      <subfield code="a">4 parts: 3, 4, 1, 1p.</subfield>
      <subfield code="c">17,3 x 25,3 cm</subfield>
   </datafield>
   <datafield tag="300" ind1=" " ind2=" ">
      <subfield code="8">4\c</subfield>
      <subfield code="a">2 parts: 1, 1p.</subfield>
      <subfield code="c">34 x 25,5 cm</subfield>
   </datafield>
   <datafield tag="500" ind1=" " ind2=" ">
      <subfield code="a">Reduzierte Partitur: S, Coro, pf (pf nicht identisch mit harmonium)</subfield>
   </datafield>
   <datafield tag="500" ind1=" " ind2=" ">
      <subfield code="a">"Toast" befindet sich im Material als letztes Stück</subfield>
   </datafield>
   <datafield tag="500" ind1=" " ind2=" ">
      <subfield code="a">Material datiert: "23. Jan. 1907" (condensed score, Ende "So hat gerauscht der Baum"), "25.I.07" (condensed score, Ende "Zigeunerlied"), "30.I.07." (condensed score, Ende "Toast"), spätere Daten bis 31. Januar 1907 in anderen Stimmen</subfield>
   </datafield>
   <datafield tag="500" ind1=" " ind2=" ">
      <subfield code="a">"25. Juni 1913" (Coro: S &amp; A set 2)</subfield>
   </datafield>
   <datafield tag="590" ind1=" " ind2=" ">
      <subfield code="8">2\c</subfield>
      <subfield code="a">Solo: S (Philippo), vl 1, 2, harmonium, fl in C</subfield>
      </datafield>
   <datafield tag="590" ind1=" " ind2=" ">
      <subfield code="8">3\c</subfield>
      <subfield code="a">Coro: S, A, T (2x)</subfield>
      </datafield>
   <datafield tag="590" ind1=" " ind2=" ">
      <subfield code="8">4\c</subfield>
      <subfield code="a">Coro: S, A (both Festchor only)</subfield>
      </datafield>
   <datafield tag="593" ind1=" " ind2=" ">
      <subfield code="8">1\c</subfield>
      <subfield code="a">autograph</subfield>
   </datafield>
   <datafield tag="593" ind1=" " ind2=" ">
      <subfield code="8">2\c</subfield>
      <subfield code="a">autograph</subfield>
      </datafield>
   <datafield tag="593" ind1=" " ind2=" ">
      <subfield code="8">3\c</subfield>
      <subfield code="a">autograph</subfield>
      </datafield>
   <datafield tag="593" ind1=" " ind2=" ">
      <subfield code="8">4\c</subfield>
      <subfield code="a">autograph</subfield>
      </datafield>
   <datafield tag="594" ind1=" " ind2=" ">
      <subfield code="a">S, Coro S, Coro A, Coro T, harmonium, pf</subfield>
   </datafield>
   <datafield tag="650" ind1="0" ind2="0">
      <subfield code="a">Incidental music</subfield>
   </datafield>
   <datafield tag="700" ind1="1" ind2=" ">
      <subfield code="a">Carnot, Maurus</subfield>
      <subfield code="d">1865*</subfield>
      <subfield code="0">30026528</subfield>
      <subfield code="4">lyr</subfield>
   </datafield>
   <datafield tag="700" ind1="1" ind2=" ">
      <subfield code="a">Huben</subfield>
      <subfield code="0">30043520</subfield>
      <subfield code="4">asn</subfield>
   </datafield>
   <datafield tag="700" ind1="1" ind2=" ">
      <subfield code="a">Houben, H.</subfield>
      <subfield code="0">30043521</subfield>
      <subfield code="4">asn</subfield>
   </datafield>
   <datafield tag="852" ind1=" " ind2=" ">
      <subfield code="a">CH-D</subfield>
      <subfield code="c">ML 1971 (Ms.13775)</subfield>
      <subfield code="x">30000507</subfield>
   </datafield>
   </record>