
<record>
   <leader>00000cdd#a2200000###4500</leader>
   <controlfield tag="001">401000221</controlfield>
   <controlfield tag="003">RISM</controlfield>
   <controlfield tag="005">20100305111111.0</controlfield>
   <controlfield tag="008">100322k19401960gw |||||||||||||||||ger|d</controlfield>
   <datafield tag="031" ind1=" " ind2=" ">
      <subfield code="a">1</subfield>
      <subfield code="b">1</subfield>
      <subfield code="c">1</subfield>
      <subfield code="d">Ruhig und getragen</subfield>
      <subfield code="g">G-2</subfield>
      <subfield code="m">T</subfield>
      <subfield code="n">bBEAD</subfield>
      <subfield code="o">3/4</subfield>
      <subfield code="p">''4C'A''C/2F4E/C'A''D/2C'4B/</subfield>
      <subfield code="r">A|b</subfield>
      <subfield code="t">Weiß erstrahlet die Kapelle</subfield>
      <subfield code="2">pe</subfield>
      <subfield code="u">30564864</subfield>
      </datafield>
   <datafield tag="041" ind1=" " ind2=" ">
      <subfield code="a">ger</subfield>
   </datafield>
   <datafield tag="100" ind1="1" ind2=" ">
      <subfield code="a">Kunz, Leo</subfield>
      <subfield code="d">1871-1935</subfield>
      <subfield code="0">30019095</subfield>
   </datafield>
   <datafield tag="240" ind1="1" ind2="0">
      <subfield code="a">Huldigung an die Mutter der Barmherzigkeit</subfield>
      <subfield code="m">Coro</subfield>
      <subfield code="r">A|b</subfield>
   </datafield>
   <datafield tag="245" ind1="1" ind2="0">
      <subfield code="a">[S, caption title:] Huldigung an die Mutter der der Barmherzigkeit | Text von P. Maurus Carnot, Musik v. P. Leo Kunz | [at head, left:] Nr. 15:</subfield>
   </datafield>
   <datafield tag="260" ind1=" " ind2=" ">
      <subfield code="8">1\c</subfield>
      <subfield code="c">1940-1960 (20.me)</subfield>
   </datafield>
   <datafield tag="300" ind1=" " ind2=" ">
      <subfield code="8">1\c</subfield>
      <subfield code="a">14 parts: 1, 1, 1, 1, 1, 1, 1, 1, 1, 1, 1, 1, 1, 1p.</subfield>
      <subfield code="c">27 x 18 cm</subfield>
   </datafield>
   <datafield tag="500" ind1=" " ind2=" ">
      <subfield code="a">Titel und Liedtext in Maschinenschrift</subfield>
   </datafield>
   <datafield tag="590" ind1=" " ind2=" ">
      <subfield code="8">1\c</subfield>
      <subfield code="a">S (4x), A (4x), T 1, 2, T 1 and 2, B 1, B 2, B 1 and 2</subfield>
   </datafield>
   <datafield tag="593" ind1=" " ind2=" ">
      <subfield code="8">1\c</subfield>
      <subfield code="a">manuscript</subfield>
   </datafield>
   <datafield tag="594" ind1=" " ind2=" ">
      <subfield code="a">Coro S, Coro A, Coro T, Coro B</subfield>
   </datafield>
   <datafield tag="650" ind1="0" ind2="0">
      <subfield code="a">Sacred songs</subfield>
   </datafield>
   <datafield tag="700" ind1="1" ind2=" ">
      <subfield code="a">Carnot, Maurus</subfield>
      <subfield code="d">1865*</subfield>
      <subfield code="0">30026528</subfield>
      <subfield code="4">lyr</subfield>
   </datafield>
   <datafield tag="852" ind1=" " ind2=" ">
      <subfield code="a">CH-D</subfield>
      <subfield code="c">Mw 56/10 (Ms.13247)</subfield>
      <subfield code="x">30000507</subfield>
   </datafield>
   </record>