
<record>
   <leader>00000cdd#a2200000###4500</leader>
   <controlfield tag="001">401000879</controlfield>
   <controlfield tag="003">RISM</controlfield>
   <controlfield tag="005">20100305111111.0</controlfield>
   <controlfield tag="008">100322k19001910gw |||||||||||||||||ger|d</controlfield>
   <datafield tag="031" ind1=" " ind2=" ">
      <subfield code="a">1</subfield>
      <subfield code="b">1</subfield>
      <subfield code="c">1</subfield>
      <subfield code="d">Vorspiel. Hervortretend</subfield>
      <subfield code="g">G-2</subfield>
      <subfield code="m">harmonium</subfield>
      <subfield code="n">xF</subfield>
      <subfield code="o">6/8</subfield>
      <subfield code="p">2.'G/G/{8'''DED}{''BGE}/{DGB}4.A/</subfield>
      <subfield code="r">G</subfield>
      <subfield code="2">pe</subfield>
      <subfield code="u">30568039</subfield>
      </datafield>
   <datafield tag="031" ind1=" " ind2=" ">
      <subfield code="a">1</subfield>
      <subfield code="b">1</subfield>
      <subfield code="c">2</subfield>
      <subfield code="d">Innig und fromm</subfield>
      <subfield code="g">G-2</subfield>
      <subfield code="m">S</subfield>
      <subfield code="n">xF</subfield>
      <subfield code="o">6/8</subfield>
      <subfield code="p">=19/{8'BDF}{GDB}/{A''E}D4.'B/{8B''C}'B{BG}E/{FA}''E4E8D/</subfield>
      <subfield code="r">G</subfield>
      <subfield code="t">Engel singet haltet Wacht</subfield>
      <subfield code="2">pe</subfield>
      <subfield code="u">30568040</subfield>
      </datafield>
   <datafield tag="031" ind1=" " ind2=" ">
      <subfield code="a">1</subfield>
      <subfield code="b">2</subfield>
      <subfield code="c">1</subfield>
      <subfield code="d">Hirtenchor.</subfield>
      <subfield code="o">6/8</subfield>
      <subfield code="q">Taktart ermittelt</subfield>
      <subfield code="r">A|b</subfield>
      <subfield code="t">Wir armen Hirten loben auf unsrer Flur</subfield>
      <subfield code="u">30568041</subfield>
      </datafield>
   <datafield tag="031" ind1=" " ind2=" ">
      <subfield code="a">1</subfield>
      <subfield code="b">3</subfield>
      <subfield code="c">1</subfield>
      <subfield code="d">Moderato</subfield>
      <subfield code="o">4/4</subfield>
      <subfield code="r">A|b</subfield>
      <subfield code="t">Die Engel und die Hirten eilen zu ihren Sternen ihren Lämmlein</subfield>
      <subfield code="u">30568042</subfield>
      </datafield>
   <datafield tag="031" ind1=" " ind2=" ">
      <subfield code="a">1</subfield>
      <subfield code="b">4</subfield>
      <subfield code="c">1</subfield>
      <subfield code="d">Ruhig und sanft</subfield>
      <subfield code="o">3/8</subfield>
      <subfield code="r">G</subfield>
      <subfield code="t">Ohne Kummer ruht im Schlummer Jesulein</subfield>
      <subfield code="u">30568043</subfield>
      </datafield>
   <datafield tag="031" ind1=" " ind2=" ">
      <subfield code="a">1</subfield>
      <subfield code="b">5</subfield>
      <subfield code="c">1</subfield>
      <subfield code="o">3/4</subfield>
      <subfield code="r">E|b</subfield>
      <subfield code="t">Doch Sankt Joseph wacht blickt zum Sternenfeld</subfield>
      <subfield code="u">30568044</subfield>
      </datafield>
   <datafield tag="031" ind1=" " ind2=" ">
      <subfield code="a">1</subfield>
      <subfield code="b">6</subfield>
      <subfield code="c">1</subfield>
      <subfield code="u">30568045</subfield>
      </datafield>
   <datafield tag="041" ind1=" " ind2=" ">
      <subfield code="a">ger</subfield>
   </datafield>
   <datafield tag="100" ind1="1" ind2=" ">
      <subfield code="a">Kunz, Leo</subfield>
      <subfield code="d">1871-1935</subfield>
      <subfield code="0">30019095</subfield>
   </datafield>
   <datafield tag="240" ind1="1" ind2="0">
      <subfield code="a">Kantate auf Weihnachten</subfield>
      <subfield code="k">Excerpts</subfield>
      <subfield code="m">Coro femminile, pf, harmonium</subfield>
      </datafield>
   <datafield tag="245" ind1="1" ind2="0">
      <subfield code="a">[score, caption title:] Kantate auf Weihnachten | für 3 oder 2 Frauenstimmen mit Klavier u. Harmonium | gewidmet | dem lb. Kloster St. Joseph in Solothurn von | P. Maurus Carnot | Dekan | P. Leo Kunz.</subfield>
   </datafield>
   <datafield tag="260" ind1=" " ind2=" ">
      <subfield code="8">1\c</subfield>
      <subfield code="c">1900-1910 (20.in)</subfield>
   </datafield>
   <datafield tag="300" ind1=" " ind2=" ">
      <subfield code="8">1\c</subfield>
      <subfield code="a">score (incpl): 8p.</subfield>
      <subfield code="c">25,1 x 34 cm</subfield>
   </datafield>
   <datafield tag="593" ind1=" " ind2=" ">
      <subfield code="8">1\c</subfield>
      <subfield code="a">autograph</subfield>
   </datafield>
   <datafield tag="594" ind1=" " ind2=" ">
      <subfield code="a">Coro S, Coro A, pf, harmonium</subfield>
   </datafield>
   <datafield tag="650" ind1="0" ind2="0">
      <subfield code="a">Cantatas</subfield>
   </datafield>
   <datafield tag="650" ind1="0" ind2="0">
      <subfield code="a">Sacred songs</subfield>
   </datafield>
   <datafield tag="657" ind1=" " ind2="7">
      <subfield code="a">Nativitas Domini</subfield>
   </datafield>
   <datafield tag="700" ind1="1" ind2=" ">
      <subfield code="a">Carnot, Maurus</subfield>
      <subfield code="d">1865*</subfield>
      <subfield code="0">30026528</subfield>
      <subfield code="4">lyr</subfield>
   </datafield>
   <datafield tag="700" ind1="1" ind2=" ">
      <subfield code="a">Kloster S Joseph Solothurn</subfield>
      <subfield code="0">30043519</subfield>
      <subfield code="4">dte</subfield>
   </datafield>
   <datafield tag="852" ind1=" " ind2=" ">
      <subfield code="a">CH-D</subfield>
      <subfield code="c">ML 1969 (Ms.13773)</subfield>
      <subfield code="x">30000507</subfield>
   </datafield>
   </record>