
<record>
   <leader>00000cdd#a2200000###4500</leader>
   <controlfield tag="001">401000664</controlfield>
   <controlfield tag="003">RISM</controlfield>
   <controlfield tag="005">20100303111111.0</controlfield>
   <controlfield tag="008">100322k18901899gw |||||||||||||||||||||d</controlfield>
   <datafield tag="031" ind1=" " ind2=" ">
      <subfield code="a">1</subfield>
      <subfield code="b">1</subfield>
      <subfield code="c">1</subfield>
      <subfield code="d">Con fuoco</subfield>
      <subfield code="g">G-2</subfield>
      <subfield code="m">pf primo</subfield>
      <subfield code="n">bBE</subfield>
      <subfield code="o">4/4</subfield>
      <subfield code="p">4''F{8('AF''D)}{(C'A''C)}4F/C{8('AF''D)}{(C'A''C)}4G/F{8('AF''D)}{8.C6D}{8.E6F}/2G</subfield>
      <subfield code="q">Taktart ermittelt</subfield>
      <subfield code="r">B|b</subfield>
      <subfield code="2">pe</subfield>
      <subfield code="u">30567207</subfield>
      </datafield>
   <datafield tag="100" ind1="1" ind2=" ">
      <subfield code="a">Kunz, Leo</subfield>
      <subfield code="d">1871-1935</subfield>
      <subfield code="0">30019095</subfield>
   </datafield>
   <datafield tag="240" ind1="1" ind2="0">
      <subfield code="a">Surselva-Marsch</subfield>
      <subfield code="k">Fragments</subfield>
      <subfield code="m">pf 4hands</subfield>
      <subfield code="r">B|b</subfield>
   </datafield>
   <datafield tag="245" ind1="1" ind2="0">
      <subfield code="a">[without title]</subfield>
   </datafield>
   <datafield tag="260" ind1=" " ind2=" ">
      <subfield code="8">1\c</subfield>
      <subfield code="c">1890-1899 (19.ex)</subfield>
   </datafield>
   <datafield tag="300" ind1=" " ind2=" ">
      <subfield code="8">1\c</subfield>
      <subfield code="a">short score (piano score): 2p.</subfield>
      <subfield code="c">35 x 26,8 cm</subfield>
   </datafield>
   <datafield tag="500" ind1=" " ind2=" ">
      <subfield code="a">Klavierfassung des Jubiläumsmarsches für Blechbläser von Leo Kunz CH-ML 1925</subfield>
   </datafield>
   <datafield tag="500" ind1=" " ind2=" ">
      <subfield code="a">Klavierauszug: nur "Primo" auf 2 rechten Seiten notiert</subfield>
   </datafield>
   <datafield tag="500" ind1=" " ind2=" ">
      <subfield code="a">dazwischen liegt leere Seite, vermutlich für p. 2 von "Secondo" vorgesehen</subfield>
   </datafield>
   <datafield tag="500" ind1=" " ind2=" ">
      <subfield code="a">p. 1 von "Secondo" fehlt</subfield>
   </datafield>
   <datafield tag="500" ind1=" " ind2=" ">
      <subfield code="a">401000809</subfield>
   </datafield>
   <datafield tag="510" ind1="1" ind2=" ">
      <subfield code="a">AffentrangerK 1981</subfield>
      <subfield code="c">p.139-140</subfield>
      </datafield>
   <datafield tag="593" ind1=" " ind2=" ">
      <subfield code="8">1\c</subfield>
      <subfield code="a">autograph</subfield>
   </datafield>
   <datafield tag="594" ind1=" " ind2=" ">
      <subfield code="a">pf 4hands (orch)</subfield>
   </datafield>
   <datafield tag="650" ind1="0" ind2="0">
      <subfield code="a">Marches</subfield>
   </datafield>
   <datafield tag="650" ind1="0" ind2="0">
      <subfield code="a">Keyboard pieces</subfield>
   </datafield>
   <datafield tag="773" ind1="0" ind2=" ">
      <subfield code="a">401000809</subfield>
   </datafield>
   <datafield tag="852" ind1=" " ind2=" ">
      <subfield code="a">CH-D</subfield>
      <subfield code="c">ML 1925a (Ms.13580)</subfield>
      <subfield code="x">30000507</subfield>
   </datafield>
   </record>