
<record>
   <leader>00000cdd#a2200000###4500</leader>
   <controlfield tag="001">401000804</controlfield>
   <controlfield tag="003">RISM</controlfield>
   <controlfield tag="005">20100303111111.0</controlfield>
   <controlfield tag="008">100322|||||||||gw |||||||||||||||||lat|d</controlfield>
   <datafield tag="031" ind1=" " ind2=" ">
      <subfield code="a">1</subfield>
      <subfield code="b">1</subfield>
      <subfield code="c">1</subfield>
      <subfield code="g">G-2</subfield>
      <subfield code="m">S</subfield>
      <subfield code="n">bBEAD</subfield>
      <subfield code="o">4/4</subfield>
      <subfield code="p">2''C4'BA/''ED2C/F4'AB/2''C-/</subfield>
      <subfield code="r">A|b</subfield>
      <subfield code="t">Veni creator spiritus, mentes tuorum visita</subfield>
      <subfield code="2">pe</subfield>
      <subfield code="u">30567667</subfield>
      </datafield>
   <datafield tag="041" ind1=" " ind2=" ">
      <subfield code="a">lat</subfield>
   </datafield>
   <datafield tag="100" ind1="1" ind2=" ">
      <subfield code="a">Kunz, Leo</subfield>
      <subfield code="d">1871-1935</subfield>
      <subfield code="0">30019095</subfield>
   </datafield>
   <datafield tag="240" ind1="1" ind2="0">
      <subfield code="a">Veni creator spiritus</subfield>
      <subfield code="m">Coro femminile</subfield>
      <subfield code="r">A|b</subfield>
   </datafield>
   <datafield tag="245" ind1="1" ind2="0">
      <subfield code="a">[without title]</subfield>
   </datafield>
   <datafield tag="300" ind1=" " ind2=" ">
      <subfield code="8">1\c</subfield>
      <subfield code="a">score</subfield>
      </datafield>
   <datafield tag="500" ind1=" " ind2=" ">
      <subfield code="a">Komponist vermutlich Leo Kunz</subfield>
   </datafield>
   <datafield tag="500" ind1=" " ind2=" ">
      <subfield code="a">Material eindeutig von seiner Hand</subfield>
   </datafield>
   <datafield tag="500" ind1=" " ind2=" ">
      <subfield code="a">score: am Ende der Komposition datiert "3.10.[19]32"</subfield>
   </datafield>
   <datafield tag="500" ind1=" " ind2=" ">
      <subfield code="a">Dreistimmige Fassung für Frauenchor (S 1, 2, A) auf Rückseite</subfield>
   </datafield>
   <datafield tag="500" ind1=" " ind2=" ">
      <subfield code="a">Vierstimmige Fassung für gemischten Chor (S, A, T, B) siehe CH D: Mw 56/6</subfield>
   </datafield>
   <datafield tag="500" ind1=" " ind2=" ">
      <subfield code="a">401000805</subfield>
   </datafield>
   <datafield tag="593" ind1=" " ind2=" ">
      <subfield code="8">1\c</subfield>
      <subfield code="a">autograph</subfield>
   </datafield>
   <datafield tag="594" ind1=" " ind2=" ">
      <subfield code="a">Coro S (2), Coro A (2)</subfield>
   </datafield>
   <datafield tag="650" ind1="0" ind2="0">
      <subfield code="a">Sacred songs</subfield>
   </datafield>
   <datafield tag="773" ind1="0" ind2=" ">
      <subfield code="a">401000805</subfield>
   </datafield>
   <datafield tag="852" ind1=" " ind2=" ">
      <subfield code="a">CH-D</subfield>
      <subfield code="c">ML 1872 (Ms.13681)</subfield>
      <subfield code="x">30000507</subfield>
   </datafield>
   </record>