
<record>
   <leader>00000cdd#a2200000###4500</leader>
   <controlfield tag="001">402006034</controlfield>
   <controlfield tag="003">RISM</controlfield>
   <controlfield tag="005">20100309111111.0</controlfield>
   <controlfield tag="008">100322|||||||||gw |||||||||||||||||fre|d</controlfield>
   <datafield tag="031" ind1=" " ind2=" ">
      <subfield code="a">1</subfield>
      <subfield code="b">1</subfield>
      <subfield code="c">1</subfield>
      <subfield code="d">Très expressif</subfield>
      <subfield code="g">G-2</subfield>
      <subfield code="m">S</subfield>
      <subfield code="o">2/4</subfield>
      <subfield code="p">'8ExFxGA/''CC'BA/4AG/8AAB''C/4E8{DC}/4E8{DC}/'2B/</subfield>
      <subfield code="r">a</subfield>
      <subfield code="t">Et quand tout est joie et lumière lorsque tout me parle d'espoir; Je ne veux pas voir la tempête ni la mer grondant près de moi; Oui quels que soient le jour et l'heure ici-bas et plus tard là-haut; Quand le travail plus difficile est une épreuve pour ma foi; Quand mon sentier se fait aride quand je constate avec effroi</subfield>
      <subfield code="2">pe</subfield>
      <subfield code="u">30586890</subfield>
      </datafield>
   <datafield tag="041" ind1=" " ind2=" ">
      <subfield code="a">fre</subfield>
   </datafield>
   <datafield tag="100" ind1="1" ind2=" ">
      <subfield code="a">Lauber, Emil</subfield>
      <subfield code="d">1866-1935</subfield>
      <subfield code="0">30021955</subfield>
   </datafield>
   <datafield tag="240" ind1="1" ind2="0">
      <subfield code="a">Cantique</subfield>
      <subfield code="m">Coro</subfield>
      <subfield code="r">a</subfield>
   </datafield>
   <datafield tag="245" ind1="1" ind2="0">
      <subfield code="a">[caption title:] Cantique. | Mathieu XIV, 30. | Paroles | de E. CROUZET. | Musique de | Emile LAUBER.</subfield>
   </datafield>
   <datafield tag="300" ind1=" " ind2=" ">
      <subfield code="8">1\c</subfield>
      <subfield code="a">score (2 staves): p.26-27</subfield>
      </datafield>
   <datafield tag="593" ind1=" " ind2=" ">
      <subfield code="8">1\c</subfield>
      <subfield code="a">print</subfield>
   </datafield>
   <datafield tag="594" ind1=" " ind2=" ">
      <subfield code="a">Coro S, Coro A, Coro T, Coro B</subfield>
   </datafield>
   <datafield tag="650" ind1="0" ind2="0">
      <subfield code="a">Sacred songs</subfield>
   </datafield>
   <datafield tag="700" ind1="1" ind2=" ">
      <subfield code="a">Crouzet, Elisa</subfield>
      <subfield code="d">19/20</subfield>
      <subfield code="0">30026787</subfield>
      <subfield code="4">lyr</subfield>
   </datafield>
   <datafield tag="773" ind1="0" ind2=" ">
      <subfield code="a">402006026</subfield>
   </datafield>
   <datafield tag="852" ind1=" " ind2=" ">
      <subfield code="a">CH-LAc</subfield>
      <subfield code="c">FJE 49/2</subfield>
      <subfield code="x">30000524</subfield>
   </datafield>
   </record>