
<record>
   <leader>00000cdd#a2200000###4500</leader>
   <controlfield tag="001">403005923</controlfield>
   <controlfield tag="003">RISM</controlfield>
   <controlfield tag="005">20100304111111.0</controlfield>
   <controlfield tag="008">100322|||||||||gw |||||||||||||||||gsw|d</controlfield>
   <datafield tag="031" ind1=" " ind2=" ">
      <subfield code="a">1</subfield>
      <subfield code="b">1</subfield>
      <subfield code="c">1</subfield>
      <subfield code="d">Nicht zu rasch</subfield>
      <subfield code="g">G-2</subfield>
      <subfield code="m">T 1</subfield>
      <subfield code="n">xF</subfield>
      <subfield code="o">c</subfield>
      <subfield code="p">''488D'BB''D'BB/''4.E8E2D/</subfield>
      <subfield code="r">G</subfield>
      <subfield code="t">Gygeli Brotisbei</subfield>
      <subfield code="2">pe</subfield>
      <subfield code="u">30606205</subfield>
      </datafield>
   <datafield tag="041" ind1=" " ind2=" ">
      <subfield code="a">gsw</subfield>
   </datafield>
   <datafield tag="100" ind1="1" ind2=" ">
      <subfield code="a">Lavater, Hans</subfield>
      <subfield code="d">1885-1969</subfield>
      <subfield code="0">30015188</subfield>
   </datafield>
   <datafield tag="240" ind1="1" ind2="0">
      <subfield code="a">Gygeli Brotisbei</subfield>
      <subfield code="m">Coro maschile</subfield>
      <subfield code="r">G</subfield>
   </datafield>
   <datafield tag="245" ind1="1" ind2="0">
      <subfield code="a">[caption title:] B) Tanzliedli. | (J. Reinhart.) | Hans Lavater.</subfield>
   </datafield>
   <datafield tag="300" ind1=" " ind2=" ">
      <subfield code="8">1\c</subfield>
      <subfield code="a">score: p.2</subfield>
      </datafield>
   <datafield tag="510" ind1="1" ind2=" ">
      <subfield code="a">SMZundSängerblatt</subfield>
      <subfield code="c">1916</subfield>
   </datafield>
   <datafield tag="510" ind1="1" ind2=" ">
      <subfield code="a">SchweizMusikpädBlätt</subfield>
      <subfield code="c">1916</subfield>
   </datafield>
   <datafield tag="593" ind1=" " ind2=" ">
      <subfield code="8">1\c</subfield>
      <subfield code="a">print</subfield>
   </datafield>
   <datafield tag="594" ind1=" " ind2=" ">
      <subfield code="a">Coro T (2), Coro B (2)</subfield>
   </datafield>
   <datafield tag="650" ind1="0" ind2="0">
      <subfield code="a">Partsongs</subfield>
   </datafield>
   <datafield tag="700" ind1="1" ind2=" ">
      <subfield code="a">Reinhart, Josef</subfield>
      <subfield code="d">1875-1957</subfield>
      <subfield code="0">30026544</subfield>
      <subfield code="4">lyr</subfield>
   </datafield>
   <datafield tag="730" ind1="0" ind2=" ">
      <subfield code="a">Tanzliedli</subfield>
   </datafield>
   <datafield tag="773" ind1="0" ind2=" ">
      <subfield code="a">403005921</subfield>
   </datafield>
   <datafield tag="852" ind1=" " ind2=" ">
      <subfield code="a">CH-E</subfield>
      <subfield code="c">221,36.18</subfield>
      <subfield code="x">30000006</subfield>
   </datafield>
   </record>