
<record>
   <leader>00000cdd#a2200000###4500</leader>
   <controlfield tag="001">403007312</controlfield>
   <controlfield tag="003">RISM</controlfield>
   <controlfield tag="005">20100310111111.0</controlfield>
   <controlfield tag="008">100322|||||||||gw |||||||||||||||||ita|d</controlfield>
   <datafield tag="031" ind1=" " ind2=" ">
      <subfield code="a">1</subfield>
      <subfield code="b">1</subfield>
      <subfield code="c">1</subfield>
      <subfield code="d">Devoto e innocente</subfield>
      <subfield code="g">G-2</subfield>
      <subfield code="m">S</subfield>
      <subfield code="n">bBEAD</subfield>
      <subfield code="o">3/4</subfield>
      <subfield code="p">'4E/''C8C-'4B/A8A-4E/''2D4C/'BB-/</subfield>
      <subfield code="r">A|b</subfield>
      <subfield code="t">Sei mio con te respiro</subfield>
      <subfield code="2">pe</subfield>
      <subfield code="u">30609446</subfield>
      </datafield>
   <datafield tag="041" ind1=" " ind2=" ">
      <subfield code="a">ita</subfield>
   </datafield>
   <datafield tag="100" ind1="1" ind2=" ">
      <subfield code="a">Keller, Sigismund</subfield>
      <subfield code="d">1803-1882</subfield>
      <subfield code="0">272942</subfield>
   </datafield>
   <datafield tag="240" ind1="1" ind2="0">
      <subfield code="a">Sei mio con te respiro</subfield>
      <subfield code="m">Coro</subfield>
      <subfield code="r">A|b</subfield>
   </datafield>
   <datafield tag="245" ind1="1" ind2="0">
      <subfield code="a">[score 1, title page:] "Sei mio con Te respiro." | da cantarsi | Dopo la S. Comunione. | La Melodia di Manzoni | la Cantilena di P. Sigismondo | 1844</subfield>
   </datafield>
   <datafield tag="300" ind1=" " ind2=" ">
      <subfield code="8">1\c</subfield>
      <subfield code="a">3 scores: p.1-2, 1-3, 1-2</subfield>
      </datafield>
   <datafield tag="510" ind1="1" ind2=" ">
      <subfield code="a">SchweizerKomponisten</subfield>
      </datafield>
   <datafield tag="593" ind1=" " ind2=" ">
      <subfield code="8">1\c</subfield>
      <subfield code="a">autograph</subfield>
   </datafield>
   <datafield tag="594" ind1=" " ind2=" ">
      <subfield code="a">Coro S, Coro A, Coro B</subfield>
   </datafield>
   <datafield tag="650" ind1="0" ind2="0">
      <subfield code="a">Sacred songs</subfield>
   </datafield>
   <datafield tag="700" ind1="1" ind2=" ">
      <subfield code="a">Manzoni</subfield>
      <subfield code="0">30022959</subfield>
      <subfield code="4">cmp</subfield>
   </datafield>
   <datafield tag="773" ind1="0" ind2=" ">
      <subfield code="a">403007311</subfield>
   </datafield>
   <datafield tag="852" ind1=" " ind2=" ">
      <subfield code="a">CH-E</subfield>
      <subfield code="c">695,4 [scores 1-3]</subfield>
      <subfield code="x">30000006</subfield>
   </datafield>
   </record>