
<record>
   <leader>00000cdd#a2200000###4500</leader>
   <controlfield tag="001">403007538</controlfield>
   <controlfield tag="003">RISM</controlfield>
   <controlfield tag="005">20100302111111.0</controlfield>
   <controlfield tag="008">100322|||||||||gw |||||||||||||||||ger|d</controlfield>
   <datafield tag="031" ind1=" " ind2=" ">
      <subfield code="a">1</subfield>
      <subfield code="b">1</subfield>
      <subfield code="c">1</subfield>
      <subfield code="d">Bewegt</subfield>
      <subfield code="g">G-2</subfield>
      <subfield code="m">T 1</subfield>
      <subfield code="n">bBEADG</subfield>
      <subfield code="o">c</subfield>
      <subfield code="p">'4A/''4.F8E4D'B/4.A8GF</subfield>
      <subfield code="r">D|b</subfield>
      <subfield code="t">Mein Zürich o wie lieb' ich dich</subfield>
      <subfield code="2">pe</subfield>
      <subfield code="u">30609880</subfield>
      </datafield>
   <datafield tag="041" ind1=" " ind2=" ">
      <subfield code="a">ger</subfield>
   </datafield>
   <datafield tag="100" ind1="1" ind2=" ">
      <subfield code="a">Krannig, Simon</subfield>
      <subfield code="d">1866*</subfield>
      <subfield code="0">30015170</subfield>
   </datafield>
   <datafield tag="240" ind1="1" ind2="0">
      <subfield code="a">Mein Zürich</subfield>
      <subfield code="m">Coro maschile</subfield>
      <subfield code="r">D|b</subfield>
   </datafield>
   <datafield tag="245" ind1="1" ind2="0">
      <subfield code="a">[caption title:] Mein Zürich, 0, wie lieb ich dich! | Robert Seidel | S. Krannig. | Zürich</subfield>
   </datafield>
   <datafield tag="300" ind1=" " ind2=" ">
      <subfield code="8">1\c</subfield>
      <subfield code="a">score: 1p.</subfield>
      <subfield code="c">27 x 17 cm</subfield>
   </datafield>
   <datafield tag="500" ind1=" " ind2=" ">
      <subfield code="a">Angaben zu Verlag und Ort unten auf der Seite</subfield>
   </datafield>
   <datafield tag="510" ind1="1" ind2=" ">
      <subfield code="a">SchweizerKomponisten</subfield>
      </datafield>
   <datafield tag="593" ind1=" " ind2=" ">
      <subfield code="8">1\c</subfield>
      <subfield code="a">print</subfield>
   </datafield>
   <datafield tag="594" ind1=" " ind2=" ">
      <subfield code="a">Coro T (2), Coro B (2)</subfield>
   </datafield>
   <datafield tag="650" ind1="0" ind2="0">
      <subfield code="a">Partsongs</subfield>
   </datafield>
   <datafield tag="700" ind1="1" ind2=" ">
      <subfield code="a">Seidel, Robert</subfield>
      <subfield code="d">1850-1917</subfield>
      <subfield code="0">30026547</subfield>
      <subfield code="4">lyr</subfield>
   </datafield>
   <datafield tag="852" ind1=" " ind2=" ">
      <subfield code="a">CH-E</subfield>
      <subfield code="c">798,2.17</subfield>
      <subfield code="x">30000006</subfield>
   </datafield>
   </record>