
<record>
   <leader>00000cdd#a2200000###4500</leader>
   <controlfield tag="001">402008147</controlfield>
   <controlfield tag="003">RISM</controlfield>
   <controlfield tag="005">20100712111111.0</controlfield>
   <controlfield tag="008">100713|||||||||gw |||||||||||||||||lat|d</controlfield>
   <datafield tag="031" ind1=" " ind2=" ">
      <subfield code="a">1</subfield>
      <subfield code="b">1</subfield>
      <subfield code="c">1</subfield>
      <subfield code="g">C-1</subfield>
      <subfield code="m">S coro</subfield>
      <subfield code="n">bBE</subfield>
      <subfield code="o">2/4</subfield>
      <subfield code="p">''8.F6D8EC/DEF6{ED}/4C8-E/D{6C'B}''8.C'6B/4B</subfield>
      <subfield code="r">B|b</subfield>
      <subfield code="t">Domine ad adjuvandum, me festina</subfield>
      <subfield code="2">pe</subfield>
      <subfield code="u">32221825</subfield>
      </datafield>
   <datafield tag="031" ind1=" " ind2=" ">
      <subfield code="a">1</subfield>
      <subfield code="b">2</subfield>
      <subfield code="c">1</subfield>
      <subfield code="g">C-1</subfield>
      <subfield code="m">S coro</subfield>
      <subfield code="n">bBE</subfield>
      <subfield code="o">2/4</subfield>
      <subfield code="p">4-''8DC/DEFG/CCCF/4.E8E/DC4C/</subfield>
      <subfield code="r">B|b</subfield>
      <subfield code="t">Confitebor, tibi Domine in toto corde meo in consilio justorum et congregatione</subfield>
      <subfield code="2">pe</subfield>
      <subfield code="u">32221826</subfield>
      </datafield>
   <datafield tag="031" ind1=" " ind2=" ">
      <subfield code="a">1</subfield>
      <subfield code="b">3</subfield>
      <subfield code="c">1</subfield>
      <subfield code="g">C-1</subfield>
      <subfield code="m">S coro</subfield>
      <subfield code="n">bBE</subfield>
      <subfield code="o">2/4</subfield>
      <subfield code="p">4-8-''D/C'B''CF/E6{DC}'8B''6EE/8D6{C'B}8A''D/4CC/</subfield>
      <subfield code="r">B|b</subfield>
      <subfield code="t">Beatus vir, qui timet Dominum</subfield>
      <subfield code="2">pe</subfield>
      <subfield code="u">32221827</subfield>
      </datafield>
   <datafield tag="031" ind1=" " ind2=" ">
      <subfield code="a">1</subfield>
      <subfield code="b">4</subfield>
      <subfield code="c">1</subfield>
      <subfield code="g">C-1</subfield>
      <subfield code="m">S coro</subfield>
      <subfield code="n">bBE</subfield>
      <subfield code="o">2/4</subfield>
      <subfield code="p">8-''DCF/E6DD8CF/D'FGA/B''C'8.A6A/8B</subfield>
      <subfield code="r">B|b</subfield>
      <subfield code="t">Laudate pueri, Dominum laudate nomen Domini</subfield>
      <subfield code="2">pe</subfield>
      <subfield code="u">32221828</subfield>
      </datafield>
   <datafield tag="031" ind1=" " ind2=" ">
      <subfield code="a">1</subfield>
      <subfield code="b">5</subfield>
      <subfield code="c">1</subfield>
      <subfield code="g">C-1</subfield>
      <subfield code="m">S coro</subfield>
      <subfield code="n">bBE</subfield>
      <subfield code="o">2/4</subfield>
      <subfield code="p">8-'B''CD/E6DE8CF/D'B-B/{G6FG}{8A6GA}/</subfield>
      <subfield code="r">B|b</subfield>
      <subfield code="t">Laudate Dominum, omnes gentes laudate eum omnes populi</subfield>
      <subfield code="2">pe</subfield>
      <subfield code="u">32221829</subfield>
      </datafield>
   <datafield tag="041" ind1=" " ind2=" ">
      <subfield code="a">lat</subfield>
   </datafield>
   <datafield tag="100" ind1="1" ind2=" ">
      <subfield code="a">Rathgeber, Johann Valentin</subfield>
      <subfield code="d">1682-1750</subfield>
      <subfield code="0">30002639</subfield>
   </datafield>
   <datafield tag="240" ind1="1" ind2="0">
      <subfield code="a">Vespers</subfield>
      <subfield code="m">V (4), Coro, orch, org</subfield>
      <subfield code="n">HelR 64/6</subfield>
      <subfield code="r">B|b</subfield>
   </datafield>
   <datafield tag="245" ind1="1" ind2="0">
      <subfield code="a">[caption title:] Vesperae VI. brevissimae de Dominica.</subfield>
   </datafield>
   <datafield tag="300" ind1=" " ind2=" ">
      <subfield code="8">1\c</subfield>
      <subfield code="a">7 parts: p.42-46, 39-43, 40-45, 41-46, 46-50, 55-60, 55-60</subfield>
      </datafield>
   <datafield tag="300" ind1=" " ind2=" ">
      <subfield code="8">2\c</subfield>
      <subfield code="a">7 parts: 1, 1, 1, 1, 1, 1, 1p.</subfield>
      </datafield>
   <datafield tag="383" ind1=" " ind2=" ">
      <subfield code="b">op.2</subfield>
   </datafield>
   <datafield tag="500" ind1=" " ind2=" ">
      <subfield code="a">vl: ad libitum</subfield>
   </datafield>
   <datafield tag="500" ind1=" " ind2=" ">
      <subfield code="a">Handschriftliche Stimmen: am Anfang der Vesper eingebunden (vergleiche Incipit 1.1.1)</subfield>
   </datafield>
   <datafield tag="500" ind1=" " ind2=" ">
      <subfield code="a">org, Vermerk im Index: "Index / Psalmorum / Vespertinorum. / Vesperae VI. brevissimae de Do- / minica. / à / 4. Voc. necess. Violino unisono pro libitu / omittendo, cum Organo &amp; / Violoncello à 2/4 ex / toto. / [...]"</subfield>
   </datafield>
   <datafield tag="500" ind1=" " ind2=" ">
      <subfield code="8">1\c</subfield>
      <subfield code="a">vl 1 missing</subfield>
   </datafield>
   <datafield tag="510" ind1="1" ind2=" ">
      <subfield code="a">RepertoriumBeromünst</subfield>
      </datafield>
   <datafield tag="590" ind1=" " ind2=" ">
      <subfield code="8">1\c</subfield>
      <subfield code="a">Solo and coro: S, A, T, B, vl 2, vlc, org (= bc.fig)</subfield>
   </datafield>
   <datafield tag="590" ind1=" " ind2=" ">
      <subfield code="8">2\c</subfield>
      <subfield code="a">S, A, T, B, vl 2, vlc, org (= bc.fig)</subfield>
      </datafield>
   <datafield tag="593" ind1=" " ind2=" ">
      <subfield code="8">1\c</subfield>
      <subfield code="a">print</subfield>
   </datafield>
   <datafield tag="593" ind1=" " ind2=" ">
      <subfield code="8">2\c</subfield>
      <subfield code="a">manuscript</subfield>
      </datafield>
   <datafield tag="594" ind1=" " ind2=" ">
      <subfield code="a">S, A, T, B, Coro S, Coro A, Coro T, Coro B, vl 1, vl 2, vlc, bc: org</subfield>
   </datafield>
   <datafield tag="650" ind1="0" ind2="0">
      <subfield code="a">Vespers</subfield>
   </datafield>
   <datafield tag="657" ind1=" " ind2="7">
      <subfield code="a">De Dominica</subfield>
   </datafield>
   <datafield tag="773" ind1="0" ind2=" ">
      <subfield code="a">402008141</subfield>
   </datafield>
   <datafield tag="852" ind1=" " ind2=" ">
      <subfield code="a">CH-BM</subfield>
      <subfield code="c">Mus.Dr.I.35</subfield>
      <subfield code="x">30000005</subfield>
   </datafield>
   </record>