
<record>
   <leader>00000cdd#a2200000###4500</leader>
   <controlfield tag="001">402008143</controlfield>
   <controlfield tag="003">RISM</controlfield>
   <controlfield tag="005">20100712111111.0</controlfield>
   <controlfield tag="008">100713|||||||||gw |||||||||||||||||lat|d</controlfield>
   <datafield tag="031" ind1=" " ind2=" ">
      <subfield code="a">1</subfield>
      <subfield code="b">1</subfield>
      <subfield code="c">1</subfield>
      <subfield code="g">C-1</subfield>
      <subfield code="m">S solo</subfield>
      <subfield code="n">bBE</subfield>
      <subfield code="o">3/4</subfield>
      <subfield code="p">=2/'4.B''8E4D/E8{DC}'4B/''C'BA/GAB/</subfield>
      <subfield code="r">B|b</subfield>
      <subfield code="t">Domine ad adjuvandum, me festina</subfield>
      <subfield code="2">pe</subfield>
      <subfield code="u">32221789</subfield>
      </datafield>
   <datafield tag="031" ind1=" " ind2=" ">
      <subfield code="a">1</subfield>
      <subfield code="b">2</subfield>
      <subfield code="c">1</subfield>
      <subfield code="g">C-1</subfield>
      <subfield code="m">S coro</subfield>
      <subfield code="n">bBE</subfield>
      <subfield code="o">3/4</subfield>
      <subfield code="p">4-'BB/BBB/BBB/BB-/</subfield>
      <subfield code="r">B|b</subfield>
      <subfield code="t">Dixit Dominus, Domino meo sede a dextris meis</subfield>
      <subfield code="2">pe</subfield>
      <subfield code="u">32221790</subfield>
      </datafield>
   <datafield tag="031" ind1=" " ind2=" ">
      <subfield code="a">1</subfield>
      <subfield code="b">3</subfield>
      <subfield code="c">1</subfield>
      <subfield code="g">C-1</subfield>
      <subfield code="m">S coro</subfield>
      <subfield code="n">bBE</subfield>
      <subfield code="o">c</subfield>
      <subfield code="p">4-'8BBB''C'BbA/GBbAGFEAG/FFBBBBBB/</subfield>
      <subfield code="r">B|b</subfield>
      <subfield code="t">Confitebor, tibi Domine in toto corde meo in consilio justorum et congregatione</subfield>
      <subfield code="2">pe</subfield>
      <subfield code="u">32221791</subfield>
      </datafield>
   <datafield tag="031" ind1=" " ind2=" ">
      <subfield code="a">1</subfield>
      <subfield code="b">4</subfield>
      <subfield code="c">1</subfield>
      <subfield code="g">C-1</subfield>
      <subfield code="m">S solo</subfield>
      <subfield code="n">bBE</subfield>
      <subfield code="o">c</subfield>
      <subfield code="p">8-'BGFE-4-/8-BGFE-4-/8-BB''C'bAAAB/GB{GF}E-4-/</subfield>
      <subfield code="r">B|b</subfield>
      <subfield code="t">Beatus vir, qui timet Dominum</subfield>
      <subfield code="2">pe</subfield>
      <subfield code="u">32221792</subfield>
      </datafield>
   <datafield tag="031" ind1=" " ind2=" ">
      <subfield code="a">1</subfield>
      <subfield code="b">5</subfield>
      <subfield code="c">1</subfield>
      <subfield code="g">C-1</subfield>
      <subfield code="m">S coro</subfield>
      <subfield code="n">bBE</subfield>
      <subfield code="o">2/4</subfield>
      <subfield code="p">4-8-''8E/DDD6DD/8EEE-/2-/</subfield>
      <subfield code="r">B|b</subfield>
      <subfield code="t">Laudate pueri, Dominum laudate nomen Domini</subfield>
      <subfield code="2">pe</subfield>
      <subfield code="u">32221793</subfield>
      </datafield>
   <datafield tag="031" ind1=" " ind2=" ">
      <subfield code="a">1</subfield>
      <subfield code="b">6</subfield>
      <subfield code="c">1</subfield>
      <subfield code="g">C-1</subfield>
      <subfield code="m">S solo</subfield>
      <subfield code="n">bBE</subfield>
      <subfield code="o">c</subfield>
      <subfield code="p">8-'B''EDE'6BB''8C'{6BA}/8GE4-2-/8-B''EDE'B''C6{'BbA}/8G6EE</subfield>
      <subfield code="r">B|b</subfield>
      <subfield code="t">Laudate Dominum, omnes gentes laudate eum omnes populi</subfield>
      <subfield code="2">pe</subfield>
      <subfield code="u">32221794</subfield>
      </datafield>
   <datafield tag="031" ind1=" " ind2=" ">
      <subfield code="a">1</subfield>
      <subfield code="b">7</subfield>
      <subfield code="c">1</subfield>
      <subfield code="g">C-1</subfield>
      <subfield code="m">S coro</subfield>
      <subfield code="n">bBE</subfield>
      <subfield code="o">c</subfield>
      <subfield code="p">8-'BBBB-4-/''8-EDED-4-/8-DECD6EF4D/</subfield>
      <subfield code="r">B|b</subfield>
      <subfield code="t">Laetatus sum, in his quae dicta sunt mihi</subfield>
      <subfield code="2">pe</subfield>
      <subfield code="u">32221795</subfield>
      </datafield>
   <datafield tag="031" ind1=" " ind2=" ">
      <subfield code="a">1</subfield>
      <subfield code="b">8</subfield>
      <subfield code="c">1</subfield>
      <subfield code="g">C-1</subfield>
      <subfield code="m">S coro</subfield>
      <subfield code="n">bBE</subfield>
      <subfield code="o">6/8</subfield>
      <subfield code="p">8-'BB8.B6B8B/''8-ED8.E6E8D/EED8.E6E8D/4E8E-</subfield>
      <subfield code="r">B|b</subfield>
      <subfield code="t">Nisi Dominus, aedificaverit domum</subfield>
      <subfield code="2">pe</subfield>
      <subfield code="u">32221796</subfield>
      </datafield>
   <datafield tag="041" ind1=" " ind2=" ">
      <subfield code="a">lat</subfield>
   </datafield>
   <datafield tag="100" ind1="1" ind2=" ">
      <subfield code="a">Rathgeber, Johann Valentin</subfield>
      <subfield code="d">1682-1750</subfield>
      <subfield code="0">30002639</subfield>
   </datafield>
   <datafield tag="240" ind1="1" ind2="0">
      <subfield code="a">Vespers</subfield>
      <subfield code="m">V (4), Coro, orch, org</subfield>
      <subfield code="n">HelR 63/2</subfield>
      <subfield code="r">B|b</subfield>
   </datafield>
   <datafield tag="245" ind1="1" ind2="0">
      <subfield code="a">[caption title:] Vesperae II. Solemnes de Dominica &amp; B. V. Maria.</subfield>
   </datafield>
   <datafield tag="300" ind1=" " ind2=" ">
      <subfield code="8">1\c</subfield>
      <subfield code="a">9 parts: p.9-19, 8-18, 9-19, 9-19, 11-20, 11-27, 12-27, 5-10, 5-10</subfield>
      </datafield>
   <datafield tag="300" ind1=" " ind2=" ">
      <subfield code="8">2\c</subfield>
      <subfield code="a">9 parts: 1, 1, 1, 1, 1, 1, 1, 1, 1p.</subfield>
      </datafield>
   <datafield tag="383" ind1=" " ind2=" ">
      <subfield code="b">op.2</subfield>
   </datafield>
   <datafield tag="500" ind1=" " ind2=" ">
      <subfield code="a">lituus: ad libitum</subfield>
   </datafield>
   <datafield tag="500" ind1=" " ind2=" ">
      <subfield code="a">Handschriftliche Stimmen: am Anfang der Vesper eingebunden (vergleiche Incipit 1.1.1)</subfield>
   </datafield>
   <datafield tag="500" ind1=" " ind2=" ">
      <subfield code="a">org, Vermerk im Index: "Index / Psalmorum / Vespertinorum. / Vesperae II. Solennes de Dominica. / &amp; B. V. Maria. / à / 4. Voc. 2. Violinis Concert. necessariis: / 2. Lituis ex Dis pro libitu, cum / Organo &amp; Violoncello. / [...]"</subfield>
   </datafield>
   <datafield tag="500" ind1=" " ind2=" ">
      <subfield code="8">1\c</subfield>
      <subfield code="a">vl 1 missing</subfield>
   </datafield>
   <datafield tag="510" ind1="1" ind2=" ">
      <subfield code="a">RepertoriumBeromünst</subfield>
      </datafield>
   <datafield tag="590" ind1=" " ind2=" ">
      <subfield code="8">1\c</subfield>
      <subfield code="a">Solo and coro: S, A, T, B, vl 2, vlc, org (= bc.fig), lituus 1, 2 in D|x</subfield>
   </datafield>
   <datafield tag="590" ind1=" " ind2=" ">
      <subfield code="8">2\c</subfield>
      <subfield code="a">S, A, T, B, vl 2, vlc, org (= bc.fig), lituus 1, 2 in D|x</subfield>
      </datafield>
   <datafield tag="593" ind1=" " ind2=" ">
      <subfield code="8">1\c</subfield>
      <subfield code="a">print</subfield>
   </datafield>
   <datafield tag="593" ind1=" " ind2=" ">
      <subfield code="8">2\c</subfield>
      <subfield code="a">manuscript</subfield>
      </datafield>
   <datafield tag="594" ind1=" " ind2=" ">
      <subfield code="a">S, A, T, B, Coro S, Coro A, Coro T, Coro B, vl 1, vl 2, vlc, lituus 1, 2, bc: org</subfield>
   </datafield>
   <datafield tag="650" ind1="0" ind2="0">
      <subfield code="a">Vespers</subfield>
   </datafield>
   <datafield tag="657" ind1=" " ind2="7">
      <subfield code="a">Mariae (B.V.)</subfield>
   </datafield>
   <datafield tag="657" ind1=" " ind2="7">
      <subfield code="a">De Dominica</subfield>
   </datafield>
   <datafield tag="773" ind1="0" ind2=" ">
      <subfield code="a">402008141</subfield>
   </datafield>
   <datafield tag="852" ind1=" " ind2=" ">
      <subfield code="a">CH-BM</subfield>
      <subfield code="c">Mus.Dr.I.35</subfield>
      <subfield code="x">30000005</subfield>
   </datafield>
   </record>