
<record>
   <leader>00000cdd#a2200000###4500</leader>
   <controlfield tag="001">402008144</controlfield>
   <controlfield tag="003">RISM</controlfield>
   <controlfield tag="005">20100712111111.0</controlfield>
   <controlfield tag="008">100713|||||||||gw |||||||||||||||||lat|d</controlfield>
   <datafield tag="031" ind1=" " ind2=" ">
      <subfield code="a">1</subfield>
      <subfield code="b">1</subfield>
      <subfield code="c">1</subfield>
      <subfield code="g">C-1</subfield>
      <subfield code="m">S coro</subfield>
      <subfield code="n">xF</subfield>
      <subfield code="o">c</subfield>
      <subfield code="p">''4.D8D4.D8G/FEDC'4.B''8E/'AA-AA6D''C'8B6A''C/'8BA</subfield>
      <subfield code="r">G</subfield>
      <subfield code="t">Domine ad adjuvandum, me festina</subfield>
      <subfield code="2">pe</subfield>
      <subfield code="u">32221799</subfield>
      </datafield>
   <datafield tag="031" ind1=" " ind2=" ">
      <subfield code="a">1</subfield>
      <subfield code="b">2</subfield>
      <subfield code="c">1</subfield>
      <subfield code="g">C-1</subfield>
      <subfield code="m">S solo</subfield>
      <subfield code="o">c</subfield>
      <subfield code="p">4-''8CDE6FG'8G6BB/''8CC'G6AB''8C6{DE}'4B/''C-2-/</subfield>
      <subfield code="r">C</subfield>
      <subfield code="t">Dixit Dominus, Domino meo sede a dextris meis</subfield>
      <subfield code="2">pe</subfield>
      <subfield code="u">32221800</subfield>
      </datafield>
   <datafield tag="031" ind1=" " ind2=" ">
      <subfield code="a">1</subfield>
      <subfield code="b">3</subfield>
      <subfield code="c">1</subfield>
      <subfield code="g">C-1</subfield>
      <subfield code="m">S coro</subfield>
      <subfield code="n">bBE</subfield>
      <subfield code="o">c</subfield>
      <subfield code="p">8-'6{B''C}{DE}{FG}8E6DC8D6{C'B}/8B6{B''C}{DE}{FG}8E6{DC}8D6{C'B}/4B-2-/</subfield>
      <subfield code="r">B|b</subfield>
      <subfield code="t">Laudate pueri, Dominum laudate nomen Domini</subfield>
      <subfield code="2">pe</subfield>
      <subfield code="u">32221801</subfield>
      </datafield>
   <datafield tag="031" ind1=" " ind2=" ">
      <subfield code="a">1</subfield>
      <subfield code="b">4</subfield>
      <subfield code="c">1</subfield>
      <subfield code="g">C-1</subfield>
      <subfield code="m">S coro</subfield>
      <subfield code="n">bB</subfield>
      <subfield code="o">c</subfield>
      <subfield code="p">''8C6CC8C6{FC}8DCDE/4F'8-6AA8GG-6AA/8GG-''C'4.F8B/B6AB4GF</subfield>
      <subfield code="r">F</subfield>
      <subfield code="t">Credidi, propter quod locutus sum</subfield>
      <subfield code="2">pe</subfield>
      <subfield code="u">32221802</subfield>
      </datafield>
   <datafield tag="031" ind1=" " ind2=" ">
      <subfield code="a">1</subfield>
      <subfield code="b">5</subfield>
      <subfield code="c">1</subfield>
      <subfield code="d">In  convertendo..</subfield>
      <subfield code="g">C-1</subfield>
      <subfield code="m">S coro</subfield>
      <subfield code="n">xFCG</subfield>
      <subfield code="o">c</subfield>
      <subfield code="p">=6/2-4-'8AA/4A8AA8.A6A8A''C/DDDD4D8DD/8.D6D8DDDD-D/'B''DDDDDGF/2E4D</subfield>
      <subfield code="r">A</subfield>
      <subfield code="t">Tunc repletum est gaudio, os nostrum</subfield>
      <subfield code="2">pe</subfield>
      <subfield code="u">32221803</subfield>
      </datafield>
   <datafield tag="031" ind1=" " ind2=" ">
      <subfield code="a">1</subfield>
      <subfield code="b">6</subfield>
      <subfield code="c">1</subfield>
      <subfield code="g">C-1</subfield>
      <subfield code="m">S coro</subfield>
      <subfield code="n">bBE</subfield>
      <subfield code="o">3/4</subfield>
      <subfield code="p">''8DDDFEE/DFEEEE/DFF'BBB/BBBBB6B</subfield>
      <subfield code="r">B|b</subfield>
      <subfield code="t">Domine probasti me, et cognovisti me</subfield>
      <subfield code="2">pe</subfield>
      <subfield code="u">32221804</subfield>
      </datafield>
   <datafield tag="031" ind1=" " ind2=" ">
      <subfield code="a">1</subfield>
      <subfield code="b">7</subfield>
      <subfield code="c">1</subfield>
      <subfield code="g">C-1</subfield>
      <subfield code="m">S coro</subfield>
      <subfield code="n">bBE</subfield>
      <subfield code="o">3/4</subfield>
      <subfield code="p">4--''D/CD'B/''2C4-/=1/4--D/CD'B/''CCD/2E4D/2C4C/2D4-/</subfield>
      <subfield code="r">B|b</subfield>
      <subfield code="t">Magnificat, anima mea Dominum</subfield>
      <subfield code="2">pe</subfield>
      <subfield code="u">32221805</subfield>
      </datafield>
   <datafield tag="041" ind1=" " ind2=" ">
      <subfield code="a">lat</subfield>
   </datafield>
   <datafield tag="100" ind1="1" ind2=" ">
      <subfield code="a">Rathgeber, Johann Valentin</subfield>
      <subfield code="d">1682-1750</subfield>
      <subfield code="0">30002639</subfield>
   </datafield>
   <datafield tag="240" ind1="1" ind2="0">
      <subfield code="a">Vespers</subfield>
      <subfield code="m">V (4), Coro, orch, org</subfield>
      <subfield code="n">HelR 63/3</subfield>
      <subfield code="r">B|b</subfield>
   </datafield>
   <datafield tag="245" ind1="1" ind2="0">
      <subfield code="a">[caption title:] Vesperae III. de Apostolis.</subfield>
   </datafield>
   <datafield tag="300" ind1=" " ind2=" ">
      <subfield code="8">1\c</subfield>
      <subfield code="a">7 parts: p.19-27, 19-26, 19-26, 19-26, 20-30, 27-38, 27-38</subfield>
      </datafield>
   <datafield tag="300" ind1=" " ind2=" ">
      <subfield code="8">2\c</subfield>
      <subfield code="a">7 parts: 1, 1, 1, 1, 1, 1, 1p.</subfield>
      </datafield>
   <datafield tag="383" ind1=" " ind2=" ">
      <subfield code="b">op.2</subfield>
   </datafield>
   <datafield tag="500" ind1=" " ind2=" ">
      <subfield code="a">Handschriftliche Stimmen: am Anfang der Vesper eingebunden (vergleiche Incipit 1.1.1)</subfield>
   </datafield>
   <datafield tag="500" ind1=" " ind2=" ">
      <subfield code="a">org, Vermerk im Index: "Index / Psalmorum / Vespertinorum. / Vesperae III. de SS. Apostolis. / à / 4. Voc. 2. Violinis Concert. necessariis: / cum Organo &amp; Violoncello / [...]"</subfield>
   </datafield>
   <datafield tag="500" ind1=" " ind2=" ">
      <subfield code="8">1\c</subfield>
      <subfield code="a">vl 1 missing</subfield>
   </datafield>
   <datafield tag="510" ind1="1" ind2=" ">
      <subfield code="a">RepertoriumBeromünst</subfield>
      </datafield>
   <datafield tag="590" ind1=" " ind2=" ">
      <subfield code="8">1\c</subfield>
      <subfield code="a">Solo and coro: S, A, T, B, vl 2, vlc, org (= bc.fig)</subfield>
   </datafield>
   <datafield tag="590" ind1=" " ind2=" ">
      <subfield code="8">2\c</subfield>
      <subfield code="a">S, A, T, B, vl 2, vlc, org (= bc.fig)</subfield>
      </datafield>
   <datafield tag="593" ind1=" " ind2=" ">
      <subfield code="8">1\c</subfield>
      <subfield code="a">print</subfield>
   </datafield>
   <datafield tag="593" ind1=" " ind2=" ">
      <subfield code="8">2\c</subfield>
      <subfield code="a">manuscript</subfield>
      </datafield>
   <datafield tag="594" ind1=" " ind2=" ">
      <subfield code="a">S, A, T, B, Coro S, Coro A, Coro T, Coro B, vl 1, vl 2, vlc, bc: org</subfield>
   </datafield>
   <datafield tag="650" ind1="0" ind2="0">
      <subfield code="a">Vespers</subfield>
   </datafield>
   <datafield tag="657" ind1=" " ind2="7">
      <subfield code="a">De Apostolis</subfield>
   </datafield>
   <datafield tag="773" ind1="0" ind2=" ">
      <subfield code="a">402008141</subfield>
   </datafield>
   <datafield tag="852" ind1=" " ind2=" ">
      <subfield code="a">CH-BM</subfield>
      <subfield code="c">Mus.Dr.I.35</subfield>
      <subfield code="x">30000005</subfield>
   </datafield>
   </record>