
<record>
   <leader>00000cdd#a2200000###4500</leader>
   <controlfield tag="001">402008142</controlfield>
   <controlfield tag="003">RISM</controlfield>
   <controlfield tag="005">20100712111111.0</controlfield>
   <controlfield tag="008">100713|||||||||gw |||||||||||||||||lat|d</controlfield>
   <datafield tag="031" ind1=" " ind2=" ">
      <subfield code="a">1</subfield>
      <subfield code="b">1</subfield>
      <subfield code="c">1</subfield>
      <subfield code="g">C-1</subfield>
      <subfield code="m">S coro</subfield>
      <subfield code="o">c</subfield>
      <subfield code="p">''8.E6E8EEDDEE/4D8-CCCCC/C6{DE}'4B''C8-D/EE-'B''CCE6DC/8D6C'B''8C'6{BA}4B</subfield>
      <subfield code="r">C</subfield>
      <subfield code="t">Domine ad adjuvandum, me festina</subfield>
      <subfield code="2">pe</subfield>
      <subfield code="u">32221781</subfield>
      </datafield>
   <datafield tag="031" ind1=" " ind2=" ">
      <subfield code="a">1</subfield>
      <subfield code="b">2</subfield>
      <subfield code="c">1</subfield>
      <subfield code="g">C-1</subfield>
      <subfield code="m">S coro</subfield>
      <subfield code="o">c</subfield>
      <subfield code="p">4-''8EGC6CC8F6EE/8D'G''CC'BB4-/-''8E6EE8DDEG/</subfield>
      <subfield code="r">C</subfield>
      <subfield code="t">Dixit Dominus, Domino meo sede a dextris meis</subfield>
      <subfield code="2">pe</subfield>
      <subfield code="u">32221782</subfield>
      </datafield>
   <datafield tag="031" ind1=" " ind2=" ">
      <subfield code="a">1</subfield>
      <subfield code="b">3</subfield>
      <subfield code="c">1</subfield>
      <subfield code="d">Confitebor..</subfield>
      <subfield code="g">C-1</subfield>
      <subfield code="m">S coro</subfield>
      <subfield code="o">c</subfield>
      <subfield code="p">=11/4-''8EGC6CC8C'B/''4C-2-/4-8EGC6CC8C'B/4''C8ED4C8CC/</subfield>
      <subfield code="r">C</subfield>
      <subfield code="t">Magna opera Domini, exquisita in omnes voluntates ejus</subfield>
      <subfield code="2">pe</subfield>
      <subfield code="u">32221783</subfield>
      </datafield>
   <datafield tag="031" ind1=" " ind2=" ">
      <subfield code="a">1</subfield>
      <subfield code="b">4</subfield>
      <subfield code="c">1</subfield>
      <subfield code="d">BEATUS VIR..</subfield>
      <subfield code="g">C-1</subfield>
      <subfield code="m">S coro</subfield>
      <subfield code="o">2/4</subfield>
      <subfield code="p">=25/8-''CCC/CCCC/CD'4B/''8C6CC8CC/8CCCC/4-8-C/</subfield>
      <subfield code="r">C</subfield>
      <subfield code="t">Potens in terra, erit semen ejus</subfield>
      <subfield code="2">pe</subfield>
      <subfield code="u">32221784</subfield>
      </datafield>
   <datafield tag="031" ind1=" " ind2=" ">
      <subfield code="a">1</subfield>
      <subfield code="b">5</subfield>
      <subfield code="c">1</subfield>
      <subfield code="g">C-1</subfield>
      <subfield code="m">S solo</subfield>
      <subfield code="o">c</subfield>
      <subfield code="p">4-8-''8CDE6DC/8D'6GG4-2-/4-8-G''CDE6DC/</subfield>
      <subfield code="r">C</subfield>
      <subfield code="t">Laudate pueri, Dominum laudate nomen Domini</subfield>
      <subfield code="2">pe</subfield>
      <subfield code="u">32221785</subfield>
      </datafield>
   <datafield tag="031" ind1=" " ind2=" ">
      <subfield code="a">1</subfield>
      <subfield code="b">6</subfield>
      <subfield code="c">1</subfield>
      <subfield code="g">C-1</subfield>
      <subfield code="m">S coro</subfield>
      <subfield code="o">c</subfield>
      <subfield code="p">8-''EDED6EF{GF}{EF}/8D'G-''D{6EFDF}{EFDF}/8ED-D6{EFDF}{EFDF}/8ED</subfield>
      <subfield code="r">C</subfield>
      <subfield code="t">Laudate Dominum, omnes gentes laudate eum omnes populi</subfield>
      <subfield code="2">pe</subfield>
      <subfield code="u">32221786</subfield>
      </datafield>
   <datafield tag="031" ind1=" " ind2=" ">
      <subfield code="a">1</subfield>
      <subfield code="b">7</subfield>
      <subfield code="c">1</subfield>
      <subfield code="g">C-1</subfield>
      <subfield code="m">S coro</subfield>
      <subfield code="o">c</subfield>
      <subfield code="p">4-''CC8CC/4C8CC4C'B/''2C4-D/E8EE4D8DD/2C'B/</subfield>
      <subfield code="r">C</subfield>
      <subfield code="t">Magnificat, anima mea Dominum</subfield>
      <subfield code="2">pe</subfield>
      <subfield code="u">32221787</subfield>
      </datafield>
   <datafield tag="041" ind1=" " ind2=" ">
      <subfield code="a">lat</subfield>
   </datafield>
   <datafield tag="100" ind1="1" ind2=" ">
      <subfield code="a">Rathgeber, Johann Valentin</subfield>
      <subfield code="d">1682-1750</subfield>
      <subfield code="0">30002639</subfield>
   </datafield>
   <datafield tag="240" ind1="1" ind2="0">
      <subfield code="a">Vespers</subfield>
      <subfield code="m">V (3), Coro, orch, org</subfield>
      <subfield code="n">HelR 62/1</subfield>
      <subfield code="r">C</subfield>
   </datafield>
   <datafield tag="245" ind1="1" ind2="0">
      <subfield code="a">[caption title:] Vesperae I. Solemnes de Dominica.</subfield>
   </datafield>
   <datafield tag="300" ind1=" " ind2=" ">
      <subfield code="8">1\c</subfield>
      <subfield code="a">9 parts: p.1-8, 1-8, 1-9, 1-8, 1-10, 1-11, 1-11, 1-4, 1-4</subfield>
      </datafield>
   <datafield tag="383" ind1=" " ind2=" ">
      <subfield code="b">op.2</subfield>
   </datafield>
   <datafield tag="500" ind1=" " ind2=" ">
      <subfield code="a">clno 1, 2: ad libitum</subfield>
   </datafield>
   <datafield tag="500" ind1=" " ind2=" ">
      <subfield code="a">org, Vermerk im Index: "Index / Psalmorum / Vespertinorum. / Vesperae I. Solennes de Dominica. / 4. Voc. 2. Violinis Concert. necessariis: / 2. Tubis pro libitu cum Organo / &amp; Violoncello ex C. / [...]"</subfield>
   </datafield>
   <datafield tag="500" ind1=" " ind2=" ">
      <subfield code="8">1\c</subfield>
      <subfield code="a">vl 1 missing</subfield>
   </datafield>
   <datafield tag="510" ind1="1" ind2=" ">
      <subfield code="a">RepertoriumBeromünst</subfield>
      </datafield>
   <datafield tag="590" ind1=" " ind2=" ">
      <subfield code="8">1\c</subfield>
      <subfield code="a">Solo and coro: S, T, B, Coro: A, vl 2, vlc, org (= bc.fig), clno 1, 2</subfield>
   </datafield>
   <datafield tag="593" ind1=" " ind2=" ">
      <subfield code="8">1\c</subfield>
      <subfield code="a">print</subfield>
   </datafield>
   <datafield tag="594" ind1=" " ind2=" ">
      <subfield code="a">S, T, B, Coro S, Coro A, Coro T, Coro B, vl 1, vl 2, vlc, tr (2), bc: org</subfield>
   </datafield>
   <datafield tag="650" ind1="0" ind2="0">
      <subfield code="a">Vespers</subfield>
   </datafield>
   <datafield tag="657" ind1=" " ind2="7">
      <subfield code="a">De Dominica</subfield>
   </datafield>
   <datafield tag="773" ind1="0" ind2=" ">
      <subfield code="a">402008141</subfield>
   </datafield>
   <datafield tag="852" ind1=" " ind2=" ">
      <subfield code="a">CH-BM</subfield>
      <subfield code="c">Mus.Dr.I.35</subfield>
      <subfield code="x">30000005</subfield>
   </datafield>
   </record>