
<record>
   <leader>00000cdd#a2200000###4500</leader>
   <controlfield tag="001">402007393</controlfield>
   <controlfield tag="003">RISM</controlfield>
   <controlfield tag="005">20100712111111.0</controlfield>
   <controlfield tag="008">100713|||||||||gw |||||||||||||||||lat|d</controlfield>
   <datafield tag="031" ind1=" " ind2=" ">
      <subfield code="a">1</subfield>
      <subfield code="b">1</subfield>
      <subfield code="c">1</subfield>
      <subfield code="g">C-1</subfield>
      <subfield code="m">S coro</subfield>
      <subfield code="n">xFCG</subfield>
      <subfield code="o">3/4</subfield>
      <subfield code="p">'4BB''E/2xD4E/2C4xD/2E4-/</subfield>
      <subfield code="r">A</subfield>
      <subfield code="t">Vexilla regis prodeunt, fulget crucis mysterium</subfield>
      <subfield code="2">pe</subfield>
      <subfield code="u">30591809</subfield>
      </datafield>
   <datafield tag="041" ind1=" " ind2=" ">
      <subfield code="a">lat</subfield>
   </datafield>
   <datafield tag="100" ind1="1" ind2=" ">
      <subfield code="a">Rathgeber, Johann Valentin</subfield>
      <subfield code="d">1682-1750</subfield>
      <subfield code="0">30002639</subfield>
   </datafield>
   <datafield tag="240" ind1="1" ind2="0">
      <subfield code="a">Vexilla regis prodeunt</subfield>
      <subfield code="m">V (2), Coro, orch, org</subfield>
      <subfield code="n">HelR 93/7</subfield>
      <subfield code="r">E</subfield>
   </datafield>
   <datafield tag="245" ind1="1" ind2="0">
      <subfield code="a">[caption title:] VII. Pro Festis S. Crucis.</subfield>
   </datafield>
   <datafield tag="300" ind1=" " ind2=" ">
      <subfield code="8">1\c</subfield>
      <subfield code="a">8 parts: p.6-7, 6-7, 7-8, 6-7, 9, 9, 8-9, 8-9</subfield>
      </datafield>
   <datafield tag="383" ind1=" " ind2=" ">
      <subfield code="b">op.11</subfield>
   </datafield>
   <datafield tag="500" ind1=" " ind2=" ">
      <subfield code="a">Vermerk im Index: "Index Hymnorum XXXVI. / in tres Duodenas divisus. / Duodena Prima Hymnorum / DE FESTIS DOMINI. / [...] / VII. Vexilla regis: Pro Fesitis S. Crusis: à 4. Voc. 2. Violin. cum Org. &amp; Violoncello."</subfield>
   </datafield>
   <datafield tag="500" ind1=" " ind2=" ">
      <subfield code="a">S, vl 1, vl 2, vlc und org: Enthalten in Konvolut mit einem Sammeldruck von Franciscus Kaltner</subfield>
   </datafield>
   <datafield tag="510" ind1="1" ind2=" ">
      <subfield code="a">RepertoriumBeromünst</subfield>
      </datafield>
   <datafield tag="590" ind1=" " ind2=" ">
      <subfield code="8">1\c</subfield>
      <subfield code="a">Solo and coro: A, T, Coro: S, B, vl 1, 2, vlc, org (= bc.fig)</subfield>
   </datafield>
   <datafield tag="593" ind1=" " ind2=" ">
      <subfield code="8">1\c</subfield>
      <subfield code="a">print</subfield>
   </datafield>
   <datafield tag="594" ind1=" " ind2=" ">
      <subfield code="a">A, T, Coro S, Coro A, Coro T, Coro B, vl 1, vl 2, vlc, org, bc: org</subfield>
   </datafield>
   <datafield tag="650" ind1="0" ind2="0">
      <subfield code="a">Hymns</subfield>
   </datafield>
   <datafield tag="657" ind1=" " ind2="7">
      <subfield code="a">Crucis</subfield>
   </datafield>
   <datafield tag="773" ind1="0" ind2=" ">
      <subfield code="a">402007386</subfield>
   </datafield>
   <datafield tag="852" ind1=" " ind2=" ">
      <subfield code="a">CH-BM</subfield>
      <subfield code="c">Mus.Dr.I.11</subfield>
      <subfield code="x">30000005</subfield>
   </datafield>
   </record>