
<record>
   <leader>00000cdd#a2200000###4500</leader>
   <controlfield tag="001">400108610</controlfield>
   <controlfield tag="003">RISM</controlfield>
   <controlfield tag="005">20100531111111.0</controlfield>
   <controlfield tag="008">100602s1906||||gw |||||||||||||||||ger|d</controlfield>
   <datafield tag="031" ind1=" " ind2=" ">
      <subfield code="a">1</subfield>
      <subfield code="b">1</subfield>
      <subfield code="c">1</subfield>
      <subfield code="d">Alla marcia</subfield>
      <subfield code="g">F-4</subfield>
      <subfield code="m">T</subfield>
      <subfield code="n">bBEA</subfield>
      <subfield code="o">c</subfield>
      <subfield code="p">,4.B8F4BF/'4.D,8B4DB/4.'D8E4FG/2.A4-/</subfield>
      <subfield code="r">E|b</subfield>
      <subfield code="t">Auf ihr Sänger auf zum frohen Sang</subfield>
      <subfield code="2">pe</subfield>
      <subfield code="u">30537929</subfield>
      </datafield>
   <datafield tag="041" ind1=" " ind2=" ">
      <subfield code="a">ger</subfield>
   </datafield>
   <datafield tag="100" ind1="1" ind2=" ">
      <subfield code="a">Isaak, Franz Xaver</subfield>
      <subfield code="d">19/20</subfield>
      <subfield code="0">30025685</subfield>
   </datafield>
   <datafield tag="240" ind1="1" ind2="0">
      <subfield code="a">Sängermarsch</subfield>
      <subfield code="m">Coro, pf</subfield>
      <subfield code="r">E|b</subfield>
   </datafield>
   <datafield tag="245" ind1="1" ind2="0">
      <subfield code="a">[vocal score, cover title:] Sängermarsch | komponiert für | Gemischten Chor (a cappella) | oder | mit Begleitung des Pianoforte (ad. lib.) | von | F. X. Isaak, Kaplan und Chordirigent | in Küsnacht a. Rigi. | [...]</subfield>
   </datafield>
   <datafield tag="260" ind1=" " ind2=" ">
      <subfield code="8">1\c</subfield>
      <subfield code="c">1906 (1906c)</subfield>
   </datafield>
   <datafield tag="300" ind1=" " ind2=" ">
      <subfield code="8">1\c</subfield>
      <subfield code="a">1 part: 4p.</subfield>
      <subfield code="c">34 x 25,5 cm</subfield>
   </datafield>
   <datafield tag="300" ind1=" " ind2=" ">
      <subfield code="8">2\c</subfield>
      <subfield code="a">score: 7p.</subfield>
      <subfield code="c">19,5 x 13 cm</subfield>
   </datafield>
   <datafield tag="510" ind1="1" ind2=" ">
      <subfield code="a">RepertoriumBeromünst</subfield>
      </datafield>
   <datafield tag="590" ind1=" " ind2=" ">
      <subfield code="8">1\c</subfield>
      <subfield code="a">pf</subfield>
   </datafield>
   <datafield tag="593" ind1=" " ind2=" ">
      <subfield code="8">1\c</subfield>
      <subfield code="a">autograph</subfield>
   </datafield>
   <datafield tag="593" ind1=" " ind2=" ">
      <subfield code="8">2\c</subfield>
      <subfield code="a">print</subfield>
      </datafield>
   <datafield tag="594" ind1=" " ind2=" ">
      <subfield code="a">Coro S, Coro A, Coro T, Coro B, pf</subfield>
   </datafield>
   <datafield tag="650" ind1="0" ind2="0">
      <subfield code="a">Partsongs</subfield>
   </datafield>
   <datafield tag="700" ind1="1" ind2=" ">
      <subfield code="a">Bost, W.</subfield>
      <subfield code="0">30027111</subfield>
      <subfield code="4">lyr</subfield>
   </datafield>
   <datafield tag="700" ind1="1" ind2=" ">
      <subfield code="a">Cäcilienchor Küssnacht am Rigi</subfield>
      <subfield code="0">30043157</subfield>
      <subfield code="4">dte</subfield>
   </datafield>
   <datafield tag="852" ind1=" " ind2=" ">
      <subfield code="a">CH-BM</subfield>
      <subfield code="c">Mus.Ms.408</subfield>
      <subfield code="x">30000005</subfield>
   </datafield>
   </record>