
<record>
   <leader>00000cdd#a2200000###4500</leader>
   <controlfield tag="001">403005843</controlfield>
   <controlfield tag="003">RISM</controlfield>
   <controlfield tag="005">20100610111111.0</controlfield>
   <controlfield tag="008">100614|||||||||gw |||||||||||||||||ger|d</controlfield>
   <datafield tag="031" ind1=" " ind2=" ">
      <subfield code="a">1</subfield>
      <subfield code="b">1</subfield>
      <subfield code="c">1</subfield>
      <subfield code="d">Semplice</subfield>
      <subfield code="g">G-2</subfield>
      <subfield code="m">T 1</subfield>
      <subfield code="n">bBE</subfield>
      <subfield code="o">c</subfield>
      <subfield code="p">'4G/''4.D8D4E8DC/2D4D</subfield>
      <subfield code="r">g</subfield>
      <subfield code="t">Nun sich der Tag geendet</subfield>
      <subfield code="2">pe</subfield>
      <subfield code="u">30606049</subfield>
      </datafield>
   <datafield tag="041" ind1=" " ind2=" ">
      <subfield code="a">ger</subfield>
   </datafield>
   <datafield tag="100" ind1="1" ind2=" ">
      <subfield code="a">Brun, Fritz</subfield>
      <subfield code="d">1878-1959</subfield>
      <subfield code="0">78249</subfield>
   </datafield>
   <datafield tag="240" ind1="1" ind2="0">
      <subfield code="a">Abendopfer</subfield>
      <subfield code="m">Coro maschile</subfield>
      <subfield code="r">g</subfield>
   </datafield>
   <datafield tag="245" ind1="1" ind2="0">
      <subfield code="a">[caption title:] Abendopfer. | (Gerhard Tersteegen.) | Fritz Brun.</subfield>
   </datafield>
   <datafield tag="300" ind1=" " ind2=" ">
      <subfield code="8">1\c</subfield>
      <subfield code="a">score: 2p.</subfield>
      <subfield code="c">27 x 17 cm</subfield>
   </datafield>
   <datafield tag="510" ind1="1" ind2=" ">
      <subfield code="a">SchweizMusikpädBlätt</subfield>
      <subfield code="c">Jg.?, 1920, no.1</subfield>
   </datafield>
   <datafield tag="510" ind1="1" ind2=" ">
      <subfield code="a">SMZundSängerblatt</subfield>
      <subfield code="c">Jg.?, 1920, no.1</subfield>
   </datafield>
   <datafield tag="510" ind1="1" ind2=" ">
      <subfield code="a">SchweizerKomponisten</subfield>
      </datafield>
   <datafield tag="593" ind1=" " ind2=" ">
      <subfield code="8">1\c</subfield>
      <subfield code="a">print</subfield>
   </datafield>
   <datafield tag="594" ind1=" " ind2=" ">
      <subfield code="a">Coro T (2), Coro B (2)</subfield>
   </datafield>
   <datafield tag="650" ind1="0" ind2="0">
      <subfield code="a">Partsongs</subfield>
   </datafield>
   <datafield tag="700" ind1="1" ind2=" ">
      <subfield code="a">Tersteegen, Gerhard</subfield>
      <subfield code="d">1697-1769</subfield>
      <subfield code="0">128268</subfield>
      <subfield code="4">lyr</subfield>
   </datafield>
   <datafield tag="852" ind1=" " ind2=" ">
      <subfield code="a">CH-E</subfield>
      <subfield code="c">1092,2e</subfield>
      <subfield code="x">30000006</subfield>
   </datafield>
   </record>