
<record>
   <leader>00000cdd#a2200000###4500</leader>
   <controlfield tag="001">403005433</controlfield>
   <controlfield tag="003">RISM</controlfield>
   <controlfield tag="005">20100714111111.0</controlfield>
   <controlfield tag="008">100715|||||||||gw |||||||||||||||||ger|d</controlfield>
   <datafield tag="031" ind1=" " ind2=" ">
      <subfield code="a">1</subfield>
      <subfield code="b">1</subfield>
      <subfield code="c">1</subfield>
      <subfield code="e">Lehrer</subfield>
      <subfield code="g">F-4</subfield>
      <subfield code="m">B solo</subfield>
      <subfield code="o">2/4</subfield>
      <subfield code="p">,8G/'4C,G/8A'C,BA/{8.G6E}4G/4-8-</subfield>
      <subfield code="r">C</subfield>
      <subfield code="t">Vom Haupte fallen mir die Haare</subfield>
      <subfield code="2">pe</subfield>
      <subfield code="u">30605103</subfield>
      </datafield>
   <datafield tag="041" ind1=" " ind2=" ">
      <subfield code="a">ger</subfield>
   </datafield>
   <datafield tag="100" ind1="1" ind2=" ">
      <subfield code="a">Graf, Bonifaz</subfield>
      <subfield code="d">1868-1951</subfield>
      <subfield code="0">30022421</subfield>
   </datafield>
   <datafield tag="240" ind1="1" ind2="0">
      <subfield code="a">Klagelied eines Gymnasiallehrers</subfield>
      <subfield code="m">B, Coro</subfield>
      <subfield code="r">C</subfield>
   </datafield>
   <datafield tag="245" ind1="1" ind2="0">
      <subfield code="a">[score, caption title:] Klagelied eines Gymnasiallehrers</subfield>
   </datafield>
   <datafield tag="300" ind1=" " ind2=" ">
      <subfield code="8">1\c</subfield>
      <subfield code="a">score: 3p.</subfield>
      </datafield>
   <datafield tag="300" ind1=" " ind2=" ">
      <subfield code="8">2\c</subfield>
      <subfield code="a">5 parts: 1, 2, 2, 2, 2p.</subfield>
      <subfield code="c">Different sizes</subfield>
   </datafield>
   <datafield tag="500" ind1=" " ind2=" ">
      <subfield code="a">Score: Name des Textdichters am Schluss der Komposition</subfield>
   </datafield>
   <datafield tag="510" ind1="1" ind2=" ">
      <subfield code="a">SchweizerKomponisten</subfield>
      </datafield>
   <datafield tag="590" ind1=" " ind2=" ">
      <subfield code="8">2\c</subfield>
      <subfield code="a">Solo: B, Coro: S, A, T, B</subfield>
      </datafield>
   <datafield tag="593" ind1=" " ind2=" ">
      <subfield code="8">1\c</subfield>
      <subfield code="a">manuscript</subfield>
   </datafield>
   <datafield tag="593" ind1=" " ind2=" ">
      <subfield code="8">2\c</subfield>
      <subfield code="a">manuscript</subfield>
      </datafield>
   <datafield tag="594" ind1=" " ind2=" ">
      <subfield code="a">B, Coro S, Coro A, Coro T, Coro B</subfield>
   </datafield>
   <datafield tag="595" ind1="0" ind2="0">
      <subfield code="a">Schüler (Coro)</subfield>
   </datafield>
   <datafield tag="650" ind1="0" ind2="0">
      <subfield code="a">Partsongs</subfield>
   </datafield>
   <datafield tag="700" ind1="1" ind2=" ">
      <subfield code="a">Sturm, Julius</subfield>
      <subfield code="d">1816-1896</subfield>
      <subfield code="0">128386</subfield>
      <subfield code="4">lyr</subfield>
   </datafield>
   <datafield tag="852" ind1=" " ind2=" ">
      <subfield code="a">CH-E</subfield>
      <subfield code="c">113,74a</subfield>
      <subfield code="x">30000006</subfield>
   </datafield>
   </record>