
<record>
   <leader>00000cdd#a2200000###4500</leader>
   <controlfield tag="001">402010277</controlfield>
   <controlfield tag="003">RISM</controlfield>
   <controlfield tag="005">20100714111111.0</controlfield>
   <controlfield tag="008">100715|||||||||gw |||||||||||||||||ger|d</controlfield>
   <datafield tag="031" ind1=" " ind2=" ">
      <subfield code="a">1</subfield>
      <subfield code="b">1</subfield>
      <subfield code="c">1</subfield>
      <subfield code="d">Duftig</subfield>
      <subfield code="g">G-2</subfield>
      <subfield code="m">V</subfield>
      <subfield code="n">xFCG</subfield>
      <subfield code="o">3/4</subfield>
      <subfield code="p">=8/:'4EA''C/2E'4A/AB''C/2.D/4D'BG/2A4G/2F8{FE}/2.E/</subfield>
      <subfield code="r">A</subfield>
      <subfield code="t">Seh' ich ein Kind denk' ich sofort mein lieber Heiland an dein Wort; Und nimmer wird mir trüb zu Sinn weil ich ein solches Kindlein bin</subfield>
      <subfield code="2">pe</subfield>
      <subfield code="u">32229363</subfield>
      </datafield>
   <datafield tag="041" ind1=" " ind2=" ">
      <subfield code="a">ger</subfield>
   </datafield>
   <datafield tag="100" ind1="1" ind2=" ">
      <subfield code="a">Fellenberg, Gottfried von</subfield>
      <subfield code="d">1857-1924</subfield>
      <subfield code="0">30022404</subfield>
   </datafield>
   <datafield tag="240" ind1="1" ind2="0">
      <subfield code="a">Seh' ich ein Kind</subfield>
      <subfield code="m">V, pf</subfield>
      <subfield code="r">A</subfield>
   </datafield>
   <datafield tag="245" ind1="1" ind2="0">
      <subfield code="a">[caption title:] 2. Seh' ich ein Kind.</subfield>
   </datafield>
   <datafield tag="300" ind1=" " ind2=" ">
      <subfield code="8">1\c</subfield>
      <subfield code="a">1 part: p.3-7</subfield>
      </datafield>
   <datafield tag="500" ind1=" " ind2=" ">
      <subfield code="a">Datierung in der Hand des Komponisten am Schluss des Stücks: "Oberbalm 24. Juli bis 6. August 1906."</subfield>
   </datafield>
   <datafield tag="510" ind1="1" ind2=" ">
      <subfield code="a">RepertoriumSNL</subfield>
      </datafield>
   <datafield tag="510" ind1="1" ind2=" ">
      <subfield code="a">FelF</subfield>
      <subfield code="c">p.22</subfield>
   </datafield>
   <datafield tag="518" ind1=" " ind2=" ">
      <subfield code="a">Date of composition: 24.07.-06.08.1906</subfield>
   </datafield>
   <datafield tag="590" ind1=" " ind2=" ">
      <subfield code="8">1\c</subfield>
      <subfield code="a">V and pf</subfield>
   </datafield>
   <datafield tag="593" ind1=" " ind2=" ">
      <subfield code="8">1\c</subfield>
      <subfield code="a">partly autograph</subfield>
   </datafield>
   <datafield tag="594" ind1=" " ind2=" ">
      <subfield code="a">V, pf</subfield>
   </datafield>
   <datafield tag="650" ind1="0" ind2="0">
      <subfield code="a">Lieder</subfield>
   </datafield>
   <datafield tag="700" ind1="1" ind2=" ">
      <subfield code="a">Sturm, Julius</subfield>
      <subfield code="d">1816-1896</subfield>
      <subfield code="0">128386</subfield>
      <subfield code="4">lyr</subfield>
   </datafield>
   <datafield tag="700" ind1="1" ind2=" ">
      <subfield code="a">Fellenberg, Gottfried von</subfield>
      <subfield code="d">1857-1924</subfield>
      <subfield code="0">30022404</subfield>
      <subfield code="4">fmo</subfield>
   </datafield>
   <datafield tag="773" ind1="0" ind2=" ">
      <subfield code="a">402010275</subfield>
   </datafield>
   <datafield tag="852" ind1=" " ind2=" ">
      <subfield code="a">CH-BEl</subfield>
      <subfield code="c">SNL-Musik-Fell-80</subfield>
      <subfield code="x">30000004</subfield>
   </datafield>
   </record>