
<record>
   <leader>00000cdd#a2200000###4500</leader>
   <controlfield tag="001">402010284</controlfield>
   <controlfield tag="003">RISM</controlfield>
   <controlfield tag="005">20100714111111.0</controlfield>
   <controlfield tag="008">100715s1914||||gw |||||||||||||||||ger|d</controlfield>
   <datafield tag="031" ind1=" " ind2=" ">
      <subfield code="a">1</subfield>
      <subfield code="b">1</subfield>
      <subfield code="c">1</subfield>
      <subfield code="d">Moderato</subfield>
      <subfield code="g">G-2</subfield>
      <subfield code="m">S</subfield>
      <subfield code="n">bBEAD</subfield>
      <subfield code="o">c</subfield>
      <subfield code="p">''2C4CC/'B''C'2A/''E4FE/DE2C/</subfield>
      <subfield code="r">A|b</subfield>
      <subfield code="t">Kurz lass deine Sorgen sein Sorgen schafft Angst und Pein</subfield>
      <subfield code="2">pe</subfield>
      <subfield code="u">32229376</subfield>
      </datafield>
   <datafield tag="041" ind1=" " ind2=" ">
      <subfield code="a">ger</subfield>
   </datafield>
   <datafield tag="100" ind1="1" ind2=" ">
      <subfield code="a">Fellenberg, Gottfried von</subfield>
      <subfield code="d">1857-1924</subfield>
      <subfield code="0">30022404</subfield>
   </datafield>
   <datafield tag="240" ind1="1" ind2="0">
      <subfield code="a">Sorge nicht</subfield>
      <subfield code="m">Coro</subfield>
      <subfield code="r">A|b</subfield>
   </datafield>
   <datafield tag="245" ind1="1" ind2="0">
      <subfield code="a">[caption title:] Sorge nicht! Text v. J. Sturm. | G. v. Fellenberg.</subfield>
   </datafield>
   <datafield tag="260" ind1=" " ind2=" ">
      <subfield code="8">1\c</subfield>
      <subfield code="c">1914 (1914)</subfield>
   </datafield>
   <datafield tag="300" ind1=" " ind2=" ">
      <subfield code="8">1\c</subfield>
      <subfield code="a">score: p.6</subfield>
      </datafield>
   <datafield tag="500" ind1=" " ind2=" ">
      <subfield code="a">Datierung am Schluss des Stückes: "Oberbalm 19./22. August, / 2. September 1914."</subfield>
   </datafield>
   <datafield tag="500" ind1=" " ind2=" ">
      <subfield code="a">Beiliegend: Handschriftlicher Text des vollständigen Gedichts</subfield>
   </datafield>
   <datafield tag="510" ind1="1" ind2=" ">
      <subfield code="a">RepertoriumSNL</subfield>
      </datafield>
   <datafield tag="510" ind1="1" ind2=" ">
      <subfield code="a">FelF</subfield>
      <subfield code="c">p.26</subfield>
   </datafield>
   <datafield tag="518" ind1=" " ind2=" ">
      <subfield code="a">Date of composition: 19-22.08.1914; 02.09.1014</subfield>
   </datafield>
   <datafield tag="593" ind1=" " ind2=" ">
      <subfield code="8">1\c</subfield>
      <subfield code="a">autograph</subfield>
   </datafield>
   <datafield tag="594" ind1=" " ind2=" ">
      <subfield code="a">Coro S, Coro A, Coro T, Coro B</subfield>
   </datafield>
   <datafield tag="650" ind1="0" ind2="0">
      <subfield code="a">Partsongs</subfield>
   </datafield>
   <datafield tag="700" ind1="1" ind2=" ">
      <subfield code="a">Sturm, Julius</subfield>
      <subfield code="d">1816-1896</subfield>
      <subfield code="0">128386</subfield>
      <subfield code="4">lyr</subfield>
   </datafield>
   <datafield tag="700" ind1="1" ind2=" ">
      <subfield code="a">Fellenberg, Gottfried von</subfield>
      <subfield code="d">1857-1924</subfield>
      <subfield code="0">30022404</subfield>
      <subfield code="4">fmo</subfield>
   </datafield>
   <datafield tag="773" ind1="0" ind2=" ">
      <subfield code="a">402010279</subfield>
   </datafield>
   <datafield tag="852" ind1=" " ind2=" ">
      <subfield code="a">CH-BEl</subfield>
      <subfield code="c">SNL-Musik-Fell-82</subfield>
      <subfield code="x">30000004</subfield>
   </datafield>
   </record>