
<record>
   <leader>00000cdd#a2200000###4500</leader>
   <controlfield tag="001">400108048</controlfield>
   <controlfield tag="003">RISM</controlfield>
   <controlfield tag="005">20100608111111.0</controlfield>
   <controlfield tag="008">100609s1843||||gw |||||||||||||||||lat|d</controlfield>
   <datafield tag="031" ind1=" " ind2=" ">
      <subfield code="a">1</subfield>
      <subfield code="b">1</subfield>
      <subfield code="c">1</subfield>
      <subfield code="d">Kÿrie. Andante con moto</subfield>
      <subfield code="g">C-4</subfield>
      <subfield code="m">T coro</subfield>
      <subfield code="n">bBEA</subfield>
      <subfield code="o">3/4</subfield>
      <subfield code="p">=5/8.644,B'CD,B/{BA}GnA/4B-B/{8.B'6D}4EE/EE</subfield>
      <subfield code="r">E|b</subfield>
      <subfield code="t">Kyrie, eleison Christe eleison Kyrie eleison</subfield>
      <subfield code="2">pe</subfield>
      <subfield code="u">30535904</subfield>
      </datafield>
   <datafield tag="031" ind1=" " ind2=" ">
      <subfield code="a">1</subfield>
      <subfield code="b">2</subfield>
      <subfield code="c">1</subfield>
      <subfield code="d">Gloria. Allegro</subfield>
      <subfield code="g">C-1</subfield>
      <subfield code="m">S coro</subfield>
      <subfield code="n">bBEA</subfield>
      <subfield code="o">4/4</subfield>
      <subfield code="p">'4.E8E2G/4.B8B''4EE/1E/'4E-2-/</subfield>
      <subfield code="r">E|b</subfield>
      <subfield code="t">Gloria, in excelsis Deo et in terra pax</subfield>
      <subfield code="2">pe</subfield>
      <subfield code="u">30535905</subfield>
      </datafield>
   <datafield tag="031" ind1=" " ind2=" ">
      <subfield code="a">1</subfield>
      <subfield code="b">3</subfield>
      <subfield code="c">1</subfield>
      <subfield code="d">Credo. Allegro moderato</subfield>
      <subfield code="g">C-1</subfield>
      <subfield code="m">S coro</subfield>
      <subfield code="n">bBEA</subfield>
      <subfield code="o">4/4</subfield>
      <subfield code="p">'4G8GG4AA/2B''4C-/'FF8-FFA/4GG-</subfield>
      <subfield code="r">E|b</subfield>
      <subfield code="t">Credo, in unum Deum patrem omnipotentem</subfield>
      <subfield code="2">pe</subfield>
      <subfield code="u">30535906</subfield>
      </datafield>
   <datafield tag="031" ind1=" " ind2=" ">
      <subfield code="a">1</subfield>
      <subfield code="b">4</subfield>
      <subfield code="c">1</subfield>
      <subfield code="d">Sanctus. Andante con moto</subfield>
      <subfield code="g">C-1</subfield>
      <subfield code="m">S coro</subfield>
      <subfield code="n">bBEA</subfield>
      <subfield code="o">3/4</subfield>
      <subfield code="p">'4GAG/FEF/2.G/(2.G)/4ABA/GFG/2.G/nA/</subfield>
      <subfield code="r">E|b</subfield>
      <subfield code="t">Sanctus, Dominus Deus Sabaoth</subfield>
      <subfield code="2">pe</subfield>
      <subfield code="u">30535907</subfield>
      </datafield>
   <datafield tag="031" ind1=" " ind2=" ">
      <subfield code="a">1</subfield>
      <subfield code="b">5</subfield>
      <subfield code="c">1</subfield>
      <subfield code="d">Benedictus. Allegro maestoso</subfield>
      <subfield code="g">F-4</subfield>
      <subfield code="m">B solo</subfield>
      <subfield code="n">bBE</subfield>
      <subfield code="o">4/4</subfield>
      <subfield code="p">4-/=3/2-4-,,8BB/,2G4GG/'C,C8-{8CDE}/4F8FF{8D6GF}8EC/,,4B-2-/=1/</subfield>
      <subfield code="r">B|b</subfield>
      <subfield code="t">Benedictus, qui venit in nomine Domini hosanna in excelsis</subfield>
      <subfield code="2">pe</subfield>
      <subfield code="u">30535908</subfield>
      </datafield>
   <datafield tag="031" ind1=" " ind2=" ">
      <subfield code="a">1</subfield>
      <subfield code="b">6</subfield>
      <subfield code="c">1</subfield>
      <subfield code="d">Agnus Dei. Andante sostenuto</subfield>
      <subfield code="g">C-1</subfield>
      <subfield code="m">S coro</subfield>
      <subfield code="n">bBEA</subfield>
      <subfield code="o">3/4</subfield>
      <subfield code="p">=1/''4-CC/C'nB8-G/''4D8EE'nBB/{nB''C}4C8C'bB/{BA}4A</subfield>
      <subfield code="r">c</subfield>
      <subfield code="t">Agnus Dei, qui tollis peccata mundi miserere nobis</subfield>
      <subfield code="2">pe</subfield>
      <subfield code="u">30535909</subfield>
      </datafield>
   <datafield tag="041" ind1=" " ind2=" ">
      <subfield code="a">lat</subfield>
   </datafield>
   <datafield tag="100" ind1="1" ind2=" ">
      <subfield code="a">Diabelli, Anton</subfield>
      <subfield code="d">1781-1858</subfield>
      <subfield code="0">9700</subfield>
   </datafield>
   <datafield tag="240" ind1="1" ind2="0">
      <subfield code="a">Masses</subfield>
      <subfield code="m">V (3), Coro, orch</subfield>
      <subfield code="n">WAD 11</subfield>
      <subfield code="r">E|b</subfield>
   </datafield>
   <datafield tag="245" ind1="1" ind2="0">
      <subfield code="a">[timp, title page:] Erste | Landmesse | |: in Es.:| | für | Sopran, Alt, Tenor, Bass | 2 Violine, Violoncell, Contrabass | u. Orgel obligat. | |: für 1 Flöte, 2 Clarinetten 2 Hörner, 2 Trompeten | u. Pauken ad libitum | componirt von | Anton Diabelli. | 107 Werk. | [at bottom:] Von Einigen Musikfreunden abgeschrieben | auf das Cäcilienfest des Jahres 1843</subfield>
   </datafield>
   <datafield tag="260" ind1=" " ind2=" ">
      <subfield code="8">1\c</subfield>
      <subfield code="c">1843 (1843)</subfield>
   </datafield>
   <datafield tag="300" ind1=" " ind2=" ">
      <subfield code="8">1\c</subfield>
      <subfield code="a">16 parts: 6, 5, 6, 6, 6, 6, 5, 7, 4, 4, 4, 3, 2, 2, 2, 2p.</subfield>
      <subfield code="c">36 x 25 cm</subfield>
   </datafield>
   <datafield tag="383" ind1=" " ind2=" ">
      <subfield code="b">op.107</subfield>
   </datafield>
   <datafield tag="500" ind1=" " ind2=" ">
      <subfield code="a">Die Messe endet in Es-Dur</subfield>
   </datafield>
   <datafield tag="500" ind1=" " ind2=" ">
      <subfield code="a">fl, cl, cor, clno und timp ad libitum</subfield>
   </datafield>
   <datafield tag="510" ind1="1" ind2=" ">
      <subfield code="a">RepertoriumBeromünst</subfield>
      </datafield>
   <datafield tag="518" ind1=" " ind2=" ">
      <subfield code="a">22.11.1843</subfield>
   </datafield>
   <datafield tag="590" ind1=" " ind2=" ">
      <subfield code="8">1\c</subfield>
      <subfield code="a">Solo and coro: S, T, B, Coro: A, vl 1, 2, vlc and cb, org (= bc.fig), fl, cl 1, 2 in B|b, cor 1, 2 in E|b, clno 1, 2 in E|b, timp in E|b and B|b</subfield>
   </datafield>
   <datafield tag="593" ind1=" " ind2=" ">
      <subfield code="8">1\c</subfield>
      <subfield code="a">manuscript</subfield>
   </datafield>
   <datafield tag="594" ind1=" " ind2=" ">
      <subfield code="a">S, T, B, Coro S, Coro A, Coro T, Coro B, vl 1, vl 2, vlc, b, fl, cor (2), tr (2), timp, org, bc: org, bc: b</subfield>
   </datafield>
   <datafield tag="650" ind1="0" ind2="0">
      <subfield code="a">Masses</subfield>
   </datafield>
   <datafield tag="700" ind1="1" ind2=" ">
      <subfield code="8">1\c</subfield>
      <subfield code="a">Herzog, Dominik</subfield>
      <subfield code="0">30007268</subfield>
      <subfield code="4">scr</subfield>
   </datafield>
   <datafield tag="730" ind1="0" ind2=" ">
      <subfield code="a">Landmesse No. 1</subfield>
   </datafield>
   <datafield tag="852" ind1=" " ind2=" ">
      <subfield code="a">CH-BM</subfield>
      <subfield code="c">Mus.Ms.44</subfield>
      <subfield code="x">30000005</subfield>
   </datafield>
   </record>