
<record>
   <leader>00000cdd#a2200000###4500</leader>
   <controlfield tag="001">400107050</controlfield>
   <controlfield tag="003">RISM</controlfield>
   <controlfield tag="005">20100608111111.0</controlfield>
   <controlfield tag="008">100609k18401860gw |||||||||||||||||lat|d</controlfield>
   <datafield tag="031" ind1=" " ind2=" ">
      <subfield code="a">1</subfield>
      <subfield code="b">1</subfield>
      <subfield code="c">1</subfield>
      <subfield code="d">Kyrie. Andante</subfield>
      <subfield code="g">C-1</subfield>
      <subfield code="m">S coro</subfield>
      <subfield code="o">3/4</subfield>
      <subfield code="p">'4G''C'B/''2C'4B/{8BA}4A''D/C'B4-/''4CDE/EDC/'B''CD/C-</subfield>
      <subfield code="r">C</subfield>
      <subfield code="t">Kyrie, eleison Christe eleison Kyrie eleison</subfield>
      <subfield code="2">pe</subfield>
      <subfield code="u">30534886</subfield>
      </datafield>
   <datafield tag="031" ind1=" " ind2=" ">
      <subfield code="a">1</subfield>
      <subfield code="b">2</subfield>
      <subfield code="c">1</subfield>
      <subfield code="d">Gloria. Allegro vivace assai</subfield>
      <subfield code="g">C-1</subfield>
      <subfield code="m">S coro</subfield>
      <subfield code="o">4/4</subfield>
      <subfield code="p">''4.C8C4C-/4.D8D4D-/4.E8E4E8EE/1F/4E2E4C/'2B''C/C'B/''C2-/=1/</subfield>
      <subfield code="r">C</subfield>
      <subfield code="t">Gloria, in excelsis Deo et in terra pax</subfield>
      <subfield code="2">pe</subfield>
      <subfield code="u">30534887</subfield>
      </datafield>
   <datafield tag="031" ind1=" " ind2=" ">
      <subfield code="a">1</subfield>
      <subfield code="b">3</subfield>
      <subfield code="c">1</subfield>
      <subfield code="d">Credo. Allegro moderato</subfield>
      <subfield code="g">C-1</subfield>
      <subfield code="m">S coro</subfield>
      <subfield code="o">4/4</subfield>
      <subfield code="p">'4E8EE4FF/EDE-/''4C8CC'4A''D/C'B''C-/</subfield>
      <subfield code="r">C</subfield>
      <subfield code="t">Credo, in unum Deum patrem omnipotentem</subfield>
      <subfield code="2">pe</subfield>
      <subfield code="u">30534888</subfield>
      </datafield>
   <datafield tag="031" ind1=" " ind2=" ">
      <subfield code="a">1</subfield>
      <subfield code="b">4</subfield>
      <subfield code="c">1</subfield>
      <subfield code="d">[attacca]. Adagio</subfield>
      <subfield code="g">F-4</subfield>
      <subfield code="m">B solo</subfield>
      <subfield code="n">bBEA</subfield>
      <subfield code="o">3/4</subfield>
      <subfield code="p">,4GGG/8.G'6C4C8-C/4C+{8C,B}8AG/{8.F6G}4A</subfield>
      <subfield code="r">c</subfield>
      <subfield code="t">Et incarnatus est</subfield>
      <subfield code="2">pe</subfield>
      <subfield code="u">30534889</subfield>
      </datafield>
   <datafield tag="031" ind1=" " ind2=" ">
      <subfield code="a">1</subfield>
      <subfield code="b">5</subfield>
      <subfield code="c">1</subfield>
      <subfield code="d">Sanctus. Adagio</subfield>
      <subfield code="g">C-1</subfield>
      <subfield code="m">S coro</subfield>
      <subfield code="o">3/4</subfield>
      <subfield code="p">'2E4E/2F4F/2.F/4E--/4.G8G4G/2E''4C/2C4C/'2B4-/</subfield>
      <subfield code="r">C</subfield>
      <subfield code="t">Sanctus, Dominus Deus Sabaoth</subfield>
      <subfield code="2">pe</subfield>
      <subfield code="u">30534890</subfield>
      </datafield>
   <datafield tag="031" ind1=" " ind2=" ">
      <subfield code="a">1</subfield>
      <subfield code="b">6</subfield>
      <subfield code="c">1</subfield>
      <subfield code="d">Benedictus. Moderato</subfield>
      <subfield code="g">C-1</subfield>
      <subfield code="m">S coro</subfield>
      <subfield code="n">bB</subfield>
      <subfield code="o">c/</subfield>
      <subfield code="p">'2-4AA/2F4AA/2G4FF/EFGA/4.A8G4G</subfield>
      <subfield code="r">F</subfield>
      <subfield code="t">Benedictus, qui venit in nomine Domini hosanna in excelsis</subfield>
      <subfield code="2">pe</subfield>
      <subfield code="u">30534891</subfield>
      </datafield>
   <datafield tag="031" ind1=" " ind2=" ">
      <subfield code="a">1</subfield>
      <subfield code="b">7</subfield>
      <subfield code="c">1</subfield>
      <subfield code="d">Agnus Dei. Adagio</subfield>
      <subfield code="g">C-1</subfield>
      <subfield code="m">S coro</subfield>
      <subfield code="n">bBEA</subfield>
      <subfield code="o">3/4</subfield>
      <subfield code="p">''2C4C/4DDC/'nBBB/''CCC/CEE/ED-/</subfield>
      <subfield code="r">c</subfield>
      <subfield code="t">Agnus Dei, qui tollis peccata mundi miserere nobis</subfield>
      <subfield code="2">pe</subfield>
      <subfield code="u">30534892</subfield>
      </datafield>
   <datafield tag="041" ind1=" " ind2=" ">
      <subfield code="a">lat</subfield>
   </datafield>
   <datafield tag="100" ind1="1" ind2=" ">
      <subfield code="a">Drobisch, Karl Ludwig</subfield>
      <subfield code="d">1803-1854</subfield>
      <subfield code="0">22623</subfield>
   </datafield>
   <datafield tag="240" ind1="1" ind2="0">
      <subfield code="a">Masses</subfield>
      <subfield code="m">B, Coro, orch</subfield>
      <subfield code="r">C</subfield>
   </datafield>
   <datafield tag="245" ind1="1" ind2="0">
      <subfield code="a">[dust cover title:] Landmesse | C | C. L. Drobisch.</subfield>
   </datafield>
   <datafield tag="260" ind1=" " ind2=" ">
      <subfield code="8">1\c</subfield>
      <subfield code="c">1840-1860 (19.me)</subfield>
   </datafield>
   <datafield tag="260" ind1=" " ind2=" ">
      <subfield code="8">2\c</subfield>
      <subfield code="c">1840-1860</subfield>
      </datafield>
   <datafield tag="260" ind1=" " ind2=" ">
      <subfield code="8">3\c</subfield>
      <subfield code="c">1840-1860</subfield>
      </datafield>
   <datafield tag="260" ind1=" " ind2=" ">
      <subfield code="8">4\c</subfield>
      <subfield code="c">1840-1860</subfield>
      </datafield>
   <datafield tag="300" ind1=" " ind2=" ">
      <subfield code="8">1\c</subfield>
      <subfield code="a">6 parts: 8, 8, 8, 7, 8, 7p.</subfield>
      <subfield code="c">30,5 (30,5) x 25,6 (22,5) cm</subfield>
   </datafield>
   <datafield tag="300" ind1=" " ind2=" ">
      <subfield code="8">2\c</subfield>
      <subfield code="a">1 part: 6p.</subfield>
      <subfield code="c">31 x 24,5 cm</subfield>
   </datafield>
   <datafield tag="300" ind1=" " ind2=" ">
      <subfield code="8">3\c</subfield>
      <subfield code="a">2 parts: 12, 12p.</subfield>
      <subfield code="c">34 x 27 cm</subfield>
   </datafield>
   <datafield tag="300" ind1=" " ind2=" ">
      <subfield code="8">4\c</subfield>
      <subfield code="a">1 part: 7p.</subfield>
      <subfield code="c">34,5 x 25,5 cm</subfield>
   </datafield>
   <datafield tag="300" ind1=" " ind2=" ">
      <subfield code="8">5\c</subfield>
      <subfield code="a">1 part: 8p.</subfield>
      <subfield code="c">35 x 25,5 cm</subfield>
   </datafield>
   <datafield tag="300" ind1=" " ind2=" ">
      <subfield code="8">6\c</subfield>
      <subfield code="a">15 parts: 6, 6, 6, 6, 6, 6, 6, 6, 4, 4, 4, 2, 2, 2, 2p.</subfield>
      <subfield code="c">Different sizes</subfield>
   </datafield>
   <datafield tag="510" ind1="1" ind2=" ">
      <subfield code="a">RepertoriumSt.Gallen</subfield>
      </datafield>
   <datafield tag="590" ind1=" " ind2=" ">
      <subfield code="8">1\c</subfield>
      <subfield code="a">Solo and coro: B, Coro: S, A, T, vl 1, 2</subfield>
   </datafield>
   <datafield tag="590" ind1=" " ind2=" ">
      <subfield code="8">2\c</subfield>
      <subfield code="a">vlne</subfield>
      </datafield>
   <datafield tag="590" ind1=" " ind2=" ">
      <subfield code="8">3\c</subfield>
      <subfield code="a">S, A</subfield>
      </datafield>
   <datafield tag="590" ind1=" " ind2=" ">
      <subfield code="8">4\c</subfield>
      <subfield code="a">S</subfield>
      </datafield>
   <datafield tag="590" ind1=" " ind2=" ">
      <subfield code="8">5\c</subfield>
      <subfield code="a">S</subfield>
      </datafield>
   <datafield tag="590" ind1=" " ind2=" ">
      <subfield code="8">6\c</subfield>
      <subfield code="a">Solo and coro: B, Coro: S, A, T, vl 1, 2, vla, org (= bc.fig), fl, cl 1, 2 in C, cor 1, 2 in C, clno 1, 2 in C</subfield>
      </datafield>
   <datafield tag="591" ind1="0" ind2="0">
      <subfield code="a">48a</subfield>
   </datafield>
   <datafield tag="593" ind1=" " ind2=" ">
      <subfield code="8">1\c</subfield>
      <subfield code="a">manuscript</subfield>
   </datafield>
   <datafield tag="593" ind1=" " ind2=" ">
      <subfield code="8">2\c</subfield>
      <subfield code="a">manuscript</subfield>
      </datafield>
   <datafield tag="593" ind1=" " ind2=" ">
      <subfield code="8">3\c</subfield>
      <subfield code="a">manuscript</subfield>
      </datafield>
   <datafield tag="593" ind1=" " ind2=" ">
      <subfield code="8">4\c</subfield>
      <subfield code="a">manuscript</subfield>
      </datafield>
   <datafield tag="593" ind1=" " ind2=" ">
      <subfield code="8">5\c</subfield>
      <subfield code="a">manuscript</subfield>
      </datafield>
   <datafield tag="593" ind1=" " ind2=" ">
      <subfield code="8">6\c</subfield>
      <subfield code="a">print</subfield>
      </datafield>
   <datafield tag="594" ind1=" " ind2=" ">
      <subfield code="a">B, Coro S, Coro A, Coro T, Coro B, vl 1, vl 2, vla, b, fl, cl (2), cor (2), tr (2), timp, org, bc: org</subfield>
   </datafield>
   <datafield tag="650" ind1="0" ind2="0">
      <subfield code="a">Masses</subfield>
   </datafield>
   <datafield tag="700" ind1="1" ind2=" ">
      <subfield code="a">J. B.</subfield>
      <subfield code="0">30034666</subfield>
      <subfield code="4">fmo</subfield>
   </datafield>
   <datafield tag="730" ind1="0" ind2=" ">
      <subfield code="a">Landmesse</subfield>
   </datafield>
   <datafield tag="852" ind1=" " ind2=" ">
      <subfield code="a">CH-SGd</subfield>
      <subfield code="c">ArchDom 1/177</subfield>
      <subfield code="x">30000213</subfield>
   </datafield>
   </record>