
<record>
   <leader>00000cdd#a2200000###4500</leader>
   <controlfield tag="001">403004058</controlfield>
   <controlfield tag="003">RISM</controlfield>
   <controlfield tag="005">20100317111111.0</controlfield>
   <controlfield tag="008">100322|||||||||gw |||||||||||||||||fre|d</controlfield>
   <datafield tag="031" ind1=" " ind2=" ">
      <subfield code="a">1</subfield>
      <subfield code="b">1</subfield>
      <subfield code="c">1</subfield>
      <subfield code="d">D'allure calme</subfield>
      <subfield code="g">G-2</subfield>
      <subfield code="m">T 1</subfield>
      <subfield code="n">xF</subfield>
      <subfield code="o">3/4</subfield>
      <subfield code="p">'8.B''6C/4.D'8BGA/''4C'B</subfield>
      <subfield code="r">G</subfield>
      <subfield code="t">Du ciel bleu la voûte immense</subfield>
      <subfield code="2">pe</subfield>
      <subfield code="u">30601548</subfield>
      </datafield>
   <datafield tag="041" ind1=" " ind2=" ">
      <subfield code="a">fre</subfield>
   </datafield>
   <datafield tag="100" ind1="1" ind2=" ">
      <subfield code="a">Jacky, Theodor</subfield>
      <subfield code="d">1867*</subfield>
      <subfield code="0">30015152</subfield>
   </datafield>
   <datafield tag="240" ind1="1" ind2="0">
      <subfield code="a">Sur le lac de Morat</subfield>
      <subfield code="m">Coro maschile</subfield>
      <subfield code="r">G</subfield>
   </datafield>
   <datafield tag="245" ind1="1" ind2="0">
      <subfield code="a">[caption title:] Dédié à la soc. cant. des Chanteurs fribourgeois. | 150. Sur le lac de Morat. | Paroles de J. B. | Musique de T. Jacky.</subfield>
   </datafield>
   <datafield tag="300" ind1=" " ind2=" ">
      <subfield code="8">1\c</subfield>
      <subfield code="a">3 scores: p.318-319, 318-319, 318-319</subfield>
      </datafield>
   <datafield tag="510" ind1="1" ind2=" ">
      <subfield code="a">SchweizerKomponisten</subfield>
      </datafield>
   <datafield tag="593" ind1=" " ind2=" ">
      <subfield code="8">1\c</subfield>
      <subfield code="a">print</subfield>
   </datafield>
   <datafield tag="594" ind1=" " ind2=" ">
      <subfield code="a">Coro T (2), Coro B (2)</subfield>
   </datafield>
   <datafield tag="650" ind1="0" ind2="0">
      <subfield code="a">Partsongs</subfield>
   </datafield>
   <datafield tag="700" ind1="1" ind2=" ">
      <subfield code="a">Bovet, Joseph</subfield>
      <subfield code="d">1879-1951</subfield>
      <subfield code="0">30020921</subfield>
      <subfield code="4">lyr</subfield>
   </datafield>
   <datafield tag="700" ind1="1" ind2=" ">
      <subfield code="a">Société cantonale des Chanteurs Fribourgeois</subfield>
      <subfield code="0">30045245</subfield>
      <subfield code="4">dte</subfield>
   </datafield>
   <datafield tag="773" ind1="0" ind2=" ">
      <subfield code="a">403003906</subfield>
   </datafield>
   <datafield tag="852" ind1=" " ind2=" ">
      <subfield code="a">CH-E</subfield>
      <subfield code="c">Mw 1765</subfield>
      <subfield code="x">30000006</subfield>
   </datafield>
   </record>