
<record>
   <leader>00000cdd#a2200000###4500</leader>
   <controlfield tag="001">403008580</controlfield>
   <controlfield tag="003">RISM</controlfield>
   <controlfield tag="005">20100311111111.0</controlfield>
   <controlfield tag="008">100322|||||||||gw |||||||||||||||||lat|d</controlfield>
   <datafield tag="031" ind1=" " ind2=" ">
      <subfield code="a">1</subfield>
      <subfield code="b">1</subfield>
      <subfield code="c">1</subfield>
      <subfield code="d">Maestoso</subfield>
      <subfield code="g">C-1</subfield>
      <subfield code="m">S</subfield>
      <subfield code="n">bB</subfield>
      <subfield code="o">3/2</subfield>
      <subfield code="p">'2.A4AAA/2.A4A2A/</subfield>
      <subfield code="r">1t</subfield>
      <subfield code="t">Kyrie eleison Christe eleison Kyrie eleison Christe audi nos</subfield>
      <subfield code="2">pe</subfield>
      <subfield code="u">30612309</subfield>
      </datafield>
   <datafield tag="041" ind1=" " ind2=" ">
      <subfield code="a">lat</subfield>
   </datafield>
   <datafield tag="100" ind1="1" ind2=" ">
      <subfield code="a">Jannacconi, Giuseppe</subfield>
      <subfield code="d">1740-1816</subfield>
      <subfield code="0">20000337</subfield>
   </datafield>
   <datafield tag="240" ind1="1" ind2="0">
      <subfield code="a">Litanies</subfield>
      <subfield code="m">Coro, org</subfield>
      <subfield code="r">1t</subfield>
   </datafield>
   <datafield tag="245" ind1="1" ind2="0">
      <subfield code="a">[caption title:] Litanie a 4. voci con Organo e senza del celebre Mro | Gius. Janacconi</subfield>
   </datafield>
   <datafield tag="300" ind1=" " ind2=" ">
      <subfield code="8">1\c</subfield>
      <subfield code="a">score: 1p.</subfield>
      <subfield code="c">23 x 18 cm</subfield>
   </datafield>
   <datafield tag="500" ind1=" " ind2=" ">
      <subfield code="a">Keine Angaben zu Verlag und Ort</subfield>
   </datafield>
   <datafield tag="593" ind1=" " ind2=" ">
      <subfield code="8">1\c</subfield>
      <subfield code="a">print</subfield>
   </datafield>
   <datafield tag="594" ind1=" " ind2=" ">
      <subfield code="a">Coro S, Coro A, Coro T, Coro B, org, bc: org</subfield>
   </datafield>
   <datafield tag="650" ind1="0" ind2="0">
      <subfield code="a">Litanies</subfield>
   </datafield>
   <datafield tag="700" ind1="1" ind2=" ">
      <subfield code="a">Pearsall, Robert Lucas</subfield>
      <subfield code="d">1795-1856</subfield>
      <subfield code="0">30007127</subfield>
      <subfield code="4">fmo</subfield>
   </datafield>
   <datafield tag="852" ind1=" " ind2=" ">
      <subfield code="a">CH-E</subfield>
      <subfield code="c">287,3.8</subfield>
      <subfield code="x">30000006</subfield>
   </datafield>
   </record>