
<record>
   <leader>00000cdd#a2200000###4500</leader>
   <controlfield tag="001">402005993</controlfield>
   <controlfield tag="003">RISM</controlfield>
   <controlfield tag="005">20100816111111.0</controlfield>
   <controlfield tag="008">100817|||||||||gw |||||||||||||||||fre|d</controlfield>
   <datafield tag="031" ind1=" " ind2=" ">
      <subfield code="a">1</subfield>
      <subfield code="b">1</subfield>
      <subfield code="c">1</subfield>
      <subfield code="d">Espressivo</subfield>
      <subfield code="g">G-2</subfield>
      <subfield code="m">T 1</subfield>
      <subfield code="o">c</subfield>
      <subfield code="p">''8{CD}/4EFGF/ED(E)E/E8{DE}4FD/CD(C)</subfield>
      <subfield code="r">C</subfield>
      <subfield code="t">De Dieu célébrons la bonté il aime il nous console; O Dieu très haut Seigneur puissant penché sur nos misères; Seigneur patient car éternel vois d'un oeil salutaire; [Allein Gott in der Höh' sei Ehr']</subfield>
      <subfield code="2">pe</subfield>
      <subfield code="u">30586781</subfield>
      </datafield>
   <datafield tag="041" ind1=" " ind2=" ">
      <subfield code="a">fre</subfield>
   </datafield>
   <datafield tag="100" ind1="1" ind2=" ">
      <subfield code="a">Mendelssohn Bartholdy, Felix</subfield>
      <subfield code="d">1809-1847</subfield>
      <subfield code="0">88790</subfield>
   </datafield>
   <datafield tag="240" ind1="1" ind2="0">
      <subfield code="a">Paulus</subfield>
      <subfield code="k">Excerpts. Arr</subfield>
      <subfield code="m">Coro maschile</subfield>
      <subfield code="n">MWV A 14/3</subfield>
      </datafield>
   <datafield tag="245" ind1="1" ind2="0">
      <subfield code="a">[caption title:] 12. Choral. | Extrait de l'Oratorio St-Paul. | Mendelssohn-Bartholdy.</subfield>
   </datafield>
   <datafield tag="300" ind1=" " ind2=" ">
      <subfield code="8">1\c</subfield>
      <subfield code="a">score (2 staves): p.35</subfield>
      </datafield>
   <datafield tag="500" ind1=" " ind2=" ">
      <subfield code="a">Nom de l'auteur de l'adaptation française en bas de page</subfield>
   </datafield>
   <datafield tag="591" ind1="0" ind2="0">
      <subfield code="a">Legs compositions Jacques Ehrhart</subfield>
   </datafield>
   <datafield tag="593" ind1=" " ind2=" ">
      <subfield code="8">1\c</subfield>
      <subfield code="a">print</subfield>
   </datafield>
   <datafield tag="594" ind1=" " ind2=" ">
      <subfield code="a">Coro T (2), Coro B (2)</subfield>
   </datafield>
   <datafield tag="650" ind1="0" ind2="0">
      <subfield code="a">Oratorios</subfield>
   </datafield>
   <datafield tag="700" ind1="1" ind2=" ">
      <subfield code="a">Rey, R.</subfield>
      <subfield code="0">30044390</subfield>
      <subfield code="4">lyr</subfield>
   </datafield>
   <datafield tag="730" ind1="0" ind2=" ">
      <subfield code="a">St Paul. Excerpts. Arr</subfield>
   </datafield>
   <datafield tag="773" ind1="0" ind2=" ">
      <subfield code="a">402005976</subfield>
   </datafield>
   <datafield tag="852" ind1=" " ind2=" ">
      <subfield code="a">CH-LAc</subfield>
      <subfield code="c">FJE 43/2</subfield>
      <subfield code="x">30000524</subfield>
   </datafield>
   </record>