
<record>
   <leader>00000cdd#a2200000###4500</leader>
   <controlfield tag="001">403002521</controlfield>
   <controlfield tag="003">RISM</controlfield>
   <controlfield tag="005">20100816111111.0</controlfield>
   <controlfield tag="008">100817|||||||||gw |||||||||||||||||ger|d</controlfield>
   <datafield tag="031" ind1=" " ind2=" ">
      <subfield code="a">1</subfield>
      <subfield code="b">1</subfield>
      <subfield code="c">1</subfield>
      <subfield code="g">G-2</subfield>
      <subfield code="m">S</subfield>
      <subfield code="n">xFCGD</subfield>
      <subfield code="o">c</subfield>
      <subfield code="p">'8{EF}/4GABA/GF(G)</subfield>
      <subfield code="r">E</subfield>
      <subfield code="t">Allein Gott in der Höh' sei Ehr'</subfield>
      <subfield code="2">pe</subfield>
      <subfield code="u">30598260</subfield>
      </datafield>
   <datafield tag="041" ind1=" " ind2=" ">
      <subfield code="a">ger</subfield>
   </datafield>
   <datafield tag="100" ind1="1" ind2=" ">
      <subfield code="a">Mendelssohn Bartholdy, Felix</subfield>
      <subfield code="d">1809-1847</subfield>
      <subfield code="0">88790</subfield>
   </datafield>
   <datafield tag="240" ind1="1" ind2="0">
      <subfield code="a">Paulus</subfield>
      <subfield code="k">Excerpts. Arr</subfield>
      <subfield code="m">Coro</subfield>
      <subfield code="n">MWV A 14/3</subfield>
      </datafield>
   <datafield tag="245" ind1="1" ind2="0">
      <subfield code="a">[caption title:] Erste Abtheilung. | Gemischte Chöre. | 1. Allein Gott in der Höh' sei Ehr'. | Choral. | F. Mendelssohn-Bartholdy.</subfield>
   </datafield>
   <datafield tag="300" ind1=" " ind2=" ">
      <subfield code="8">1\c</subfield>
      <subfield code="a">2 scores: p.1-2, 1-2</subfield>
      </datafield>
   <datafield tag="593" ind1=" " ind2=" ">
      <subfield code="8">1\c</subfield>
      <subfield code="a">print</subfield>
   </datafield>
   <datafield tag="594" ind1=" " ind2=" ">
      <subfield code="a">Coro S, Coro A, Coro T, Coro B</subfield>
   </datafield>
   <datafield tag="650" ind1="0" ind2="0">
      <subfield code="a">Oratorios</subfield>
   </datafield>
   <datafield tag="700" ind1="1" ind2=" ">
      <subfield code="a">Bogler, Bernhard</subfield>
      <subfield code="d">1821-1902</subfield>
      <subfield code="0">30015054</subfield>
      <subfield code="4">arr</subfield>
   </datafield>
   <datafield tag="730" ind1="0" ind2=" ">
      <subfield code="a">St Paul. Excerpts. Arr</subfield>
   </datafield>
   <datafield tag="773" ind1="0" ind2=" ">
      <subfield code="a">403002520</subfield>
   </datafield>
   <datafield tag="852" ind1=" " ind2=" ">
      <subfield code="a">CH-E</subfield>
      <subfield code="c">Mw 1673 [score 1]</subfield>
      <subfield code="c">Mw 1320 [score 2]</subfield>
      <subfield code="x">30000006</subfield>
   </datafield>
   </record>