
<record>
   <leader>00000cdd#a2200000###4500</leader>
   <controlfield tag="001">402006224</controlfield>
   <controlfield tag="003">RISM</controlfield>
   <controlfield tag="005">20100816111111.0</controlfield>
   <controlfield tag="008">100817|||||||||gw |||||||||||||||||ger|d</controlfield>
   <datafield tag="031" ind1=" " ind2=" ">
      <subfield code="a">1</subfield>
      <subfield code="b">1</subfield>
      <subfield code="c">1</subfield>
      <subfield code="d">Allegro</subfield>
      <subfield code="g">F-4</subfield>
      <subfield code="m">B solo</subfield>
      <subfield code="n">xFC</subfield>
      <subfield code="o">c</subfield>
      <subfield code="p">,2D4.E8E/2FA/BA/'1D+/2D,D/DD/DD/1D/'D/,2GB/1A/2A</subfield>
      <subfield code="r">D</subfield>
      <subfield code="t">Singet dem Herrn ein neues Lied</subfield>
      <subfield code="2">pe</subfield>
      <subfield code="u">30587569</subfield>
      </datafield>
   <datafield tag="031" ind1=" " ind2=" ">
      <subfield code="a">1</subfield>
      <subfield code="b">2</subfield>
      <subfield code="c">1</subfield>
      <subfield code="d">[attacca]. Andante lento</subfield>
      <subfield code="g">G-2</subfield>
      <subfield code="m">S coro 1</subfield>
      <subfield code="n">xFC</subfield>
      <subfield code="o">3/4</subfield>
      <subfield code="p">'4F/''DDC/2E'4B/''8.D6C4C</subfield>
      <subfield code="r">D</subfield>
      <subfield code="t">Der Herr lässt sein Heil verkündigen</subfield>
      <subfield code="2">pe</subfield>
      <subfield code="u">30587570</subfield>
      </datafield>
   <datafield tag="031" ind1=" " ind2=" ">
      <subfield code="a">1</subfield>
      <subfield code="b">3</subfield>
      <subfield code="c">1</subfield>
      <subfield code="d">[attacca]. Andante con moto</subfield>
      <subfield code="g">G-2</subfield>
      <subfield code="m">S coro 1</subfield>
      <subfield code="n">xF</subfield>
      <subfield code="o">c</subfield>
      <subfield code="p">'4G8.G6G2G/4.A8A2A/=2/4G8.G6G4GG/2AA/</subfield>
      <subfield code="r">G</subfield>
      <subfield code="t">Jauchzet dem Herrn alle Welt</subfield>
      <subfield code="2">pe</subfield>
      <subfield code="u">30587571</subfield>
      </datafield>
   <datafield tag="041" ind1=" " ind2=" ">
      <subfield code="a">ger</subfield>
   </datafield>
   <datafield tag="100" ind1="1" ind2=" ">
      <subfield code="a">Mendelssohn Bartholdy, Felix</subfield>
      <subfield code="d">1809-1847</subfield>
      <subfield code="0">88790</subfield>
   </datafield>
   <datafield tag="240" ind1="1" ind2="0">
      <subfield code="a">Singet dem Herrn ein neues Lied</subfield>
      <subfield code="k">Arr</subfield>
      <subfield code="m">V (4), Coro (2)</subfield>
      <subfield code="n">MWV A 23</subfield>
      <subfield code="r">D</subfield>
   </datafield>
   <datafield tag="245" ind1="1" ind2="0">
      <subfield code="a">[short score, title page:] [...] | Der 98|s|t|e Psalm | von | FELIX MENDELSSOHN-BARTHOLDY. | Op. 91. | Clavierauszug mit Text | revidirt von | FRANZ ABT.</subfield>
   </datafield>
   <datafield tag="300" ind1=" " ind2=" ">
      <subfield code="8">1\c</subfield>
      <subfield code="a">short score (piano score/2x): 20, 20p.</subfield>
      </datafield>
   <datafield tag="300" ind1=" " ind2=" ">
      <subfield code="8">2\c</subfield>
      <subfield code="a">40 parts: 10, 10, 10, 10, 10, 10, 10, 10, 10, 10, 10, 10, 10, 10, 10,, 10, 10, 10, 10, 10, 10, 10, 10, 10, 10, 10, 10, 10, 10, 10,</subfield>
      <subfield code="c">28 x 19,5 cm</subfield>
   </datafield>
   <datafield tag="383" ind1=" " ind2=" ">
      <subfield code="b">op.91</subfield>
   </datafield>
   <datafield tag="500" ind1=" " ind2=" ">
      <subfield code="a">Erster Klavierauszug, Stempel auf dem Umschlag: "Domchor St. Gallen"</subfield>
   </datafield>
   <datafield tag="510" ind1="1" ind2=" ">
      <subfield code="a">RepertoriumSt.Gallen</subfield>
      </datafield>
   <datafield tag="561" ind1=" " ind2=" ">
      <subfield code="a">Domchor, Sankt Gallen</subfield>
   </datafield>
   <datafield tag="590" ind1=" " ind2=" ">
      <subfield code="8">2\c</subfield>
      <subfield code="a">Solo and coro 1 and 2: S (10x), A (10x), Solo and coro 1 and 2: T (10x), B (10x)</subfield>
      </datafield>
   <datafield tag="593" ind1=" " ind2=" ">
      <subfield code="8">1\c</subfield>
      <subfield code="a">print</subfield>
   </datafield>
   <datafield tag="593" ind1=" " ind2=" ">
      <subfield code="8">2\c</subfield>
      <subfield code="a">print</subfield>
      </datafield>
   <datafield tag="594" ind1=" " ind2=" ">
      <subfield code="a">S, A, T, B, Coro S, Coro A, Coro T, Coro B, Coro S, Coro A, Coro T, Coro B</subfield>
   </datafield>
   <datafield tag="650" ind1="0" ind2="0">
      <subfield code="a">Psalms</subfield>
   </datafield>
   <datafield tag="700" ind1="1" ind2=" ">
      <subfield code="a">Abt, Franz Wilhelm</subfield>
      <subfield code="d">1819-1885</subfield>
      <subfield code="0">532</subfield>
      <subfield code="4">arr</subfield>
   </datafield>
   <datafield tag="710" ind1="1" ind2=" ">
      <subfield code="a">Domchor (Sankt Gallen)</subfield>
      <subfield code="0">30023396</subfield>
      <subfield code="4">fmo</subfield>
   </datafield>
   <datafield tag="852" ind1=" " ind2=" ">
      <subfield code="a">CH-SGd</subfield>
      <subfield code="c">ArchDom 1/385</subfield>
      <subfield code="x">30000213</subfield>
   </datafield>
   </record>