
<record>
   <leader>00000cdd#a2200000###4500</leader>
   <controlfield tag="001">402001091</controlfield>
   <controlfield tag="003">RISM</controlfield>
   <controlfield tag="005">20100816111111.0</controlfield>
   <controlfield tag="008">100817|||||||||gw |||||||||||||||||ger|d</controlfield>
   <datafield tag="031" ind1=" " ind2=" ">
      <subfield code="a">1</subfield>
      <subfield code="b">1</subfield>
      <subfield code="c">1</subfield>
      <subfield code="d">Allegro moderato</subfield>
      <subfield code="g">G-2</subfield>
      <subfield code="m">T 1</subfield>
      <subfield code="n">bBE</subfield>
      <subfield code="o">c/</subfield>
      <subfield code="p">4'B''C/2D4DC/2'B4''CD/EEEE/2ED/</subfield>
      <subfield code="r">B|b</subfield>
      <subfield code="t">Der Herr hat des Tages verheißen seine Güte</subfield>
      <subfield code="2">pe</subfield>
      <subfield code="u">30573295</subfield>
      </datafield>
   <datafield tag="041" ind1=" " ind2=" ">
      <subfield code="a">ger</subfield>
   </datafield>
   <datafield tag="100" ind1="1" ind2=" ">
      <subfield code="a">Mendelssohn Bartholdy, Felix</subfield>
      <subfield code="d">1809-1847</subfield>
      <subfield code="0">88790</subfield>
   </datafield>
   <datafield tag="240" ind1="1" ind2="0">
      <subfield code="a">Wie der Hirsch schreit</subfield>
      <subfield code="k">Excerpts</subfield>
      <subfield code="m">V (5), strings, fl (2)</subfield>
      <subfield code="n">MWV A 15/6</subfield>
      <subfield code="r">F</subfield>
   </datafield>
   <datafield tag="245" ind1="1" ind2="0">
      <subfield code="a">[parts, caption title:] Quintetto. | (Aus d. 42. Psalm v. Mendelssohn.)</subfield>
   </datafield>
   <datafield tag="300" ind1=" " ind2=" ">
      <subfield code="8">1\c</subfield>
      <subfield code="a">4 parts: 1, 1, 2, 2p.</subfield>
      <subfield code="c">18 (36) x 26,5 (26,5) cm</subfield>
   </datafield>
   <datafield tag="500" ind1=" " ind2=" ">
      <subfield code="8">1\c</subfield>
      <subfield code="a">other parts missing</subfield>
   </datafield>
   <datafield tag="590" ind1=" " ind2=" ">
      <subfield code="8">1\c</subfield>
      <subfield code="a">T 1 (2x), B 1, 2</subfield>
   </datafield>
   <datafield tag="593" ind1=" " ind2=" ">
      <subfield code="8">1\c</subfield>
      <subfield code="a">manuscript</subfield>
   </datafield>
   <datafield tag="594" ind1=" " ind2=" ">
      <subfield code="a">S, T (2), B (2), vl 1, vl 2, vla, vlc, b, fl (2)</subfield>
   </datafield>
   <datafield tag="650" ind1="0" ind2="0">
      <subfield code="a">Psalms</subfield>
   </datafield>
   <datafield tag="700" ind1="1" ind2=" ">
      <subfield code="8">1\c</subfield>
      <subfield code="a">Eschmann, Johann Karl</subfield>
      <subfield code="0">57444</subfield>
      <subfield code="4">scr</subfield>
   </datafield>
   <datafield tag="852" ind1=" " ind2=" ">
      <subfield code="a">CH-Zz</subfield>
      <subfield code="c">Mus NL 21: Bi 2</subfield>
      <subfield code="x">30000014</subfield>
   </datafield>
   </record>