
<record>
   <leader>00000cdd#a2200000###4500</leader>
   <controlfield tag="001">400010951</controlfield>
   <controlfield tag="003">RISM</controlfield>
   <controlfield tag="005">20100308111111.0</controlfield>
   <controlfield tag="008">100322|||||||||gw |||||||||||||||||fre|d</controlfield>
   <datafield tag="031" ind1=" " ind2=" ">
      <subfield code="a">1</subfield>
      <subfield code="b">1</subfield>
      <subfield code="c">1</subfield>
      <subfield code="d">Allegretto</subfield>
      <subfield code="g">G-2</subfield>
      <subfield code="m">V</subfield>
      <subfield code="n">xF</subfield>
      <subfield code="o">6/8</subfield>
      <subfield code="p">48---'D/GG{8GF}G/4.xG48AD/BB{''8DC}'A/4.G4F</subfield>
      <subfield code="t">J'aime besoin puissant embrasse la nature</subfield>
      <subfield code="2">pe</subfield>
      <subfield code="u">31805246</subfield>
      </datafield>
   <datafield tag="041" ind1=" " ind2=" ">
      <subfield code="a">fre</subfield>
   </datafield>
   <datafield tag="100" ind1="1" ind2=" ">
      <subfield code="a">Hortense, koningin van Holland</subfield>
      <subfield code="d">1783-1837</subfield>
      <subfield code="0">30001566</subfield>
   </datafield>
   <datafield tag="240" ind1="1" ind2="0">
      <subfield code="a">J'aime besoin puissant embrasse la nature</subfield>
      <subfield code="m">V, arp</subfield>
      <subfield code="r">G</subfield>
   </datafield>
   <datafield tag="245" ind1="1" ind2="0">
      <subfield code="a">[without title]</subfield>
   </datafield>
   <datafield tag="300" ind1=" " ind2=" ">
      <subfield code="8">1\c</subfield>
      <subfield code="a">score</subfield>
      </datafield>
   <datafield tag="500" ind1=" " ind2=" ">
      <subfield code="a">Vermerk: "paroles de mad|m|e Viot Bourdie"</subfield>
   </datafield>
   <datafield tag="500" ind1=" " ind2=" ">
      <subfield code="a">400010932</subfield>
   </datafield>
   <datafield tag="593" ind1=" " ind2=" ">
      <subfield code="8">1\c</subfield>
      <subfield code="a">manuscript</subfield>
   </datafield>
   <datafield tag="594" ind1=" " ind2=" ">
      <subfield code="a">V, pf, arp (pf)</subfield>
   </datafield>
   <datafield tag="650" ind1="0" ind2="0">
      <subfield code="a">Romances (voc.)</subfield>
   </datafield>
   <datafield tag="700" ind1="1" ind2=" ">
      <subfield code="a">Bourdic-Viot, Marie Anne Henriette</subfield>
      <subfield code="d">1746-1802</subfield>
      <subfield code="0">30026111</subfield>
      <subfield code="4">lyr</subfield>
   </datafield>
   <datafield tag="773" ind1="0" ind2=" ">
      <subfield code="a">400010932</subfield>
   </datafield>
   <datafield tag="852" ind1=" " ind2=" ">
      <subfield code="a">CH-AR</subfield>
      <subfield code="c">Mus Ms A 27 (Ms.7456)</subfield>
      <subfield code="x">30000002</subfield>
   </datafield>
   </record>