
<record>
   <leader>00000cdd#a2200000###4500</leader>
   <controlfield tag="001">400193451</controlfield>
   <controlfield tag="003">RISM</controlfield>
   <controlfield tag="005">20100311111111.0</controlfield>
   <controlfield tag="008">100322|||||||||gw |||||||||||||||||fre|d</controlfield>
   <datafield tag="031" ind1=" " ind2=" ">
      <subfield code="a">1</subfield>
      <subfield code="b">1</subfield>
      <subfield code="c">1</subfield>
      <subfield code="g">G-2</subfield>
      <subfield code="m">V</subfield>
      <subfield code="n">xF</subfield>
      <subfield code="o">6/8</subfield>
      <subfield code="p">=4/'4.B8''DC'B/4.F4-8B/BxAGFxGA/4.BF/</subfield>
      <subfield code="t">Je pense à toi quand l'aube</subfield>
      <subfield code="2">pe</subfield>
      <subfield code="u">31806561</subfield>
      </datafield>
   <datafield tag="041" ind1=" " ind2=" ">
      <subfield code="a">fre</subfield>
   </datafield>
   <datafield tag="100" ind1="1" ind2=" ">
      <subfield code="a">Hortense, koningin van Holland</subfield>
      <subfield code="d">1783-1837</subfield>
      <subfield code="0">30001566</subfield>
   </datafield>
   <datafield tag="240" ind1="1" ind2="0">
      <subfield code="a">Je pense à toi quand l'aube</subfield>
      <subfield code="m">V, pf</subfield>
      <subfield code="r">b</subfield>
   </datafield>
   <datafield tag="245" ind1="1" ind2="0">
      <subfield code="a">M. hortense | P. Piis</subfield>
   </datafield>
   <datafield tag="300" ind1=" " ind2=" ">
      <subfield code="8">1\c</subfield>
      <subfield code="a">score: p.124-125</subfield>
      </datafield>
   <datafield tag="500" ind1=" " ind2=" ">
      <subfield code="a">400011014</subfield>
   </datafield>
   <datafield tag="593" ind1=" " ind2=" ">
      <subfield code="8">1\c</subfield>
      <subfield code="a">manuscript</subfield>
   </datafield>
   <datafield tag="594" ind1=" " ind2=" ">
      <subfield code="a">V, pf</subfield>
   </datafield>
   <datafield tag="650" ind1="0" ind2="0">
      <subfield code="a">Songs</subfield>
   </datafield>
   <datafield tag="700" ind1="1" ind2=" ">
      <subfield code="a">Piis, Antoine Pierre Augustin de</subfield>
      <subfield code="d">1755-1832</subfield>
      <subfield code="0">30009566</subfield>
      <subfield code="4">lyr</subfield>
   </datafield>
   <datafield tag="773" ind1="0" ind2=" ">
      <subfield code="a">400011014</subfield>
   </datafield>
   <datafield tag="852" ind1=" " ind2=" ">
      <subfield code="a">CH-AR</subfield>
      <subfield code="c">Mus Ms A 30 (Ms.7546)</subfield>
      <subfield code="x">30000002</subfield>
   </datafield>
   </record>