
<record>
   <leader>00000cdd#a2200000###4500</leader>
   <controlfield tag="001">402008685</controlfield>
   <controlfield tag="003">RISM</controlfield>
   <controlfield tag="005">20100305111111.0</controlfield>
   <controlfield tag="008">100322|||||||||gw |||||||||||||||||ger|d</controlfield>
   <datafield tag="031" ind1=" " ind2=" ">
      <subfield code="a">1</subfield>
      <subfield code="b">1</subfield>
      <subfield code="c">1</subfield>
      <subfield code="d">Larghetto; Innig und ausdrucksvoll</subfield>
      <subfield code="g">G-2</subfield>
      <subfield code="m">pf</subfield>
      <subfield code="n">bB</subfield>
      <subfield code="o">3/4</subfield>
      <subfield code="p">'2A4A/''2C4C/'2A4A/''2C4C/2F4E/D'BG/2A4G/2(F)</subfield>
      <subfield code="r">F</subfield>
      <subfield code="2">pe</subfield>
      <subfield code="u">32223741</subfield>
      </datafield>
   <datafield tag="031" ind1=" " ind2=" ">
      <subfield code="a">1</subfield>
      <subfield code="b">1</subfield>
      <subfield code="c">2</subfield>
      <subfield code="g">G-2</subfield>
      <subfield code="m">Mezzo-S</subfield>
      <subfield code="n">bB</subfield>
      <subfield code="o">3/4</subfield>
      <subfield code="p">//:'4A/2A4A/''2C4C/'2A8{AB}/''4C-</subfield>
      <subfield code="r">F</subfield>
      <subfield code="t">Was dänkisch au am Beiestand; Was dänkisch au am Guutschlibett; Was dänkisch au am Morge früeh</subfield>
      <subfield code="2">pe</subfield>
      <subfield code="u">32223742</subfield>
      </datafield>
   <datafield tag="031" ind1=" " ind2=" ">
      <subfield code="a">1</subfield>
      <subfield code="b">2</subfield>
      <subfield code="c">1</subfield>
      <subfield code="d">[attacca]. Patetico</subfield>
      <subfield code="g">G-2</subfield>
      <subfield code="m">Mezzo-S</subfield>
      <subfield code="n">bB</subfield>
      <subfield code="o">3/4</subfield>
      <subfield code="p">4(-)-8'{xGA}/''2F4F/2E'4A/''D'BG/''2C4D/2C'4F/2G4A/2.F+/2F4-/-(-)://</subfield>
      <subfield code="r">F</subfield>
      <subfield code="t">O Wält so chli; O Wält so gross; O Wält wi chli</subfield>
      <subfield code="2">pe</subfield>
      <subfield code="u">32223743</subfield>
      </datafield>
   <datafield tag="041" ind1=" " ind2=" ">
      <subfield code="a">ger</subfield>
   </datafield>
   <datafield tag="100" ind1="1" ind2=" ">
      <subfield code="a">Hüsler, G.</subfield>
      <subfield code="0">30081200</subfield>
   </datafield>
   <datafield tag="240" ind1="1" ind2="0">
      <subfield code="a">O Wält</subfield>
      <subfield code="m">Mezzo-S, pf</subfield>
      <subfield code="r">F</subfield>
   </datafield>
   <datafield tag="245" ind1="1" ind2="0">
      <subfield code="a">[title page:] "O, Wält" | Gedicht von Zyböri | Für eine mittlere Singstimme mit Klavierbegleitung | komponiert von | D|r G. Hüsler | Schweizer Volkslied-Verlag Luzern</subfield>
   </datafield>
   <datafield tag="300" ind1=" " ind2=" ">
      <subfield code="8">1\c</subfield>
      <subfield code="a">1 part: 2p.</subfield>
      <subfield code="c">34 x 27 cm</subfield>
   </datafield>
   <datafield tag="510" ind1="1" ind2=" ">
      <subfield code="a">RepertoriumBeromünst</subfield>
      </datafield>
   <datafield tag="590" ind1=" " ind2=" ">
      <subfield code="8">1\c</subfield>
      <subfield code="a">Mezzo-S and pf</subfield>
   </datafield>
   <datafield tag="593" ind1=" " ind2=" ">
      <subfield code="8">1\c</subfield>
      <subfield code="a">print</subfield>
   </datafield>
   <datafield tag="594" ind1=" " ind2=" ">
      <subfield code="a">Mezzo-S, Bariton (Mezzo-S), pf</subfield>
   </datafield>
   <datafield tag="650" ind1="0" ind2="0">
      <subfield code="a">Folk songs</subfield>
   </datafield>
   <datafield tag="700" ind1="1" ind2=" ">
      <subfield code="a">Bucher, Theodor</subfield>
      <subfield code="d">1868*</subfield>
      <subfield code="0">30026305</subfield>
      <subfield code="4">lyr</subfield>
   </datafield>
   <datafield tag="852" ind1=" " ind2=" ">
      <subfield code="a">CH-BM</subfield>
      <subfield code="c">Mus.Dr.II.235</subfield>
      <subfield code="x">30000005</subfield>
   </datafield>
   </record>