
<record>
   <leader>00000cdd#a2200000###4500</leader>
   <controlfield tag="001">402004465</controlfield>
   <controlfield tag="003">RISM</controlfield>
   <controlfield tag="005">20100302111111.0</controlfield>
   <controlfield tag="008">100322|||||||||gw |||||||||||||||||ger|d</controlfield>
   <datafield tag="031" ind1=" " ind2=" ">
      <subfield code="a">1</subfield>
      <subfield code="b">1</subfield>
      <subfield code="c">1</subfield>
      <subfield code="d">Hell und frisch</subfield>
      <subfield code="g">G-2</subfield>
      <subfield code="m">pf primo</subfield>
      <subfield code="n">xF</subfield>
      <subfield code="o">6/8</subfield>
      <subfield code="p">=1/8.{''B6A8D}'''4.D/4-8-8.{''B6A8D}/'''4bE''8E'''4.E/</subfield>
      <subfield code="r">G</subfield>
      <subfield code="2">pe</subfield>
      <subfield code="u">30581800</subfield>
      </datafield>
   <datafield tag="031" ind1=" " ind2=" ">
      <subfield code="a">1</subfield>
      <subfield code="b">2</subfield>
      <subfield code="c">1</subfield>
      <subfield code="d">[attacca].</subfield>
      <subfield code="g">G-2</subfield>
      <subfield code="m">S 1</subfield>
      <subfield code="n">xF</subfield>
      <subfield code="o">6/8</subfield>
      <subfield code="p">'8B6-A8D8.{G6B''8D}/4E8G4D'8G/8.{bA6nFGF}{bB''CDbE}{F'B}/''8G'bB-</subfield>
      <subfield code="r">G</subfield>
      <subfield code="t">Hell wie der Tannenforst erklang in Sturmesharmonien</subfield>
      <subfield code="2">pe</subfield>
      <subfield code="u">30581801</subfield>
      </datafield>
   <datafield tag="041" ind1=" " ind2=" ">
      <subfield code="a">ger</subfield>
   </datafield>
   <datafield tag="100" ind1="1" ind2=" ">
      <subfield code="a">Huber, Hans</subfield>
      <subfield code="d">1852-1921</subfield>
      <subfield code="0">103857</subfield>
   </datafield>
   <datafield tag="240" ind1="1" ind2="0">
      <subfield code="a">Begrüßungslied</subfield>
      <subfield code="m">Coro femminile, pf 4hands</subfield>
      <subfield code="r">G</subfield>
   </datafield>
   <datafield tag="245" ind1="1" ind2="0">
      <subfield code="a">[caption title:] Begrüssungslied. | an die deutschen Tonkünstler. | Hans Huber</subfield>
   </datafield>
   <datafield tag="300" ind1=" " ind2=" ">
      <subfield code="8">1\c</subfield>
      <subfield code="a">score: 9p.</subfield>
      <subfield code="c">35 x 27 cm</subfield>
   </datafield>
   <datafield tag="500" ind1=" " ind2=" ">
      <subfield code="a">Uraufgeführt beim 4. Schweizerisches Tonkünstlerfest in Basel</subfield>
   </datafield>
   <datafield tag="510" ind1="1" ind2=" ">
      <subfield code="a">RepertoriumSchweiz</subfield>
      </datafield>
   <datafield tag="510" ind1="1" ind2=" ">
      <subfield code="a">RefardtH 1944</subfield>
      <subfield code="c">p.130</subfield>
   </datafield>
   <datafield tag="518" ind1=" " ind2=" ">
      <subfield code="a">14.06.1903 Basel</subfield>
   </datafield>
   <datafield tag="593" ind1=" " ind2=" ">
      <subfield code="8">1\c</subfield>
      <subfield code="a">autograph</subfield>
   </datafield>
   <datafield tag="594" ind1=" " ind2=" ">
      <subfield code="a">Coro S (2), Coro A (2), pf 4hands</subfield>
   </datafield>
   <datafield tag="650" ind1="0" ind2="0">
      <subfield code="a">Partsongs</subfield>
   </datafield>
   <datafield tag="700" ind1="1" ind2=" ">
      <subfield code="a">Kaiser, Isabelle</subfield>
      <subfield code="d">1866-1925</subfield>
      <subfield code="0">2734</subfield>
      <subfield code="4">lyr</subfield>
   </datafield>
   <datafield tag="852" ind1=" " ind2=" ">
      <subfield code="a">CH-Bu</subfield>
      <subfield code="c">kr I 554</subfield>
      <subfield code="x">30000003</subfield>
   </datafield>
   </record>