
<record>
   <leader>00000cdd#a2200000###4500</leader>
   <controlfield tag="001">402004754</controlfield>
   <controlfield tag="003">RISM</controlfield>
   <controlfield tag="005">20100305111111.0</controlfield>
   <controlfield tag="008">100322|||||||||gw |||||||||||||||||||||d</controlfield>
   <datafield tag="031" ind1=" " ind2=" ">
      <subfield code="a">1</subfield>
      <subfield code="b">1</subfield>
      <subfield code="c">1</subfield>
      <subfield code="d">Einleitung / Heisse Sonne.</subfield>
      <subfield code="g">G-2</subfield>
      <subfield code="m">fl</subfield>
      <subfield code="o">3/4</subfield>
      <subfield code="p">=1/''8xG4'''xC''8C8.{G6A}/4.B8-4-/8B'''4E''8E8.{B'''6C}/4.D8-4-/</subfield>
      <subfield code="q">+</subfield>
      <subfield code="2">pe</subfield>
      <subfield code="u">30582989</subfield>
      </datafield>
   <datafield tag="031" ind1=" " ind2=" ">
      <subfield code="a">1</subfield>
      <subfield code="b">2</subfield>
      <subfield code="c">1</subfield>
      <subfield code="d">II Scene.</subfield>
      <subfield code="g">G-2</subfield>
      <subfield code="m">i</subfield>
      <subfield code="n">xFCG</subfield>
      <subfield code="o">6/8</subfield>
      <subfield code="p">8.{'E6C,8A}{'FE}-/{8.E6C,8A}{'FEC}/{8.,B'6C8D}{EDC}/</subfield>
      <subfield code="r">A</subfield>
      <subfield code="2">pe</subfield>
      <subfield code="u">30582990</subfield>
      </datafield>
   <datafield tag="031" ind1=" " ind2=" ">
      <subfield code="a">1</subfield>
      <subfield code="b">3</subfield>
      <subfield code="c">1</subfield>
      <subfield code="d">Lied des Prinzen.</subfield>
      <subfield code="e">Der Prinz</subfield>
      <subfield code="g">G-2</subfield>
      <subfield code="m">T solo</subfield>
      <subfield code="o">9/8</subfield>
      <subfield code="p">''8C/'4A8A4G8G8.B6B''8D/4.C8FC'A8.A''6C'8F/</subfield>
      <subfield code="2">pe</subfield>
      <subfield code="u">30582991</subfield>
      </datafield>
   <datafield tag="031" ind1=" " ind2=" ">
      <subfield code="a">1</subfield>
      <subfield code="b">4</subfield>
      <subfield code="c">1</subfield>
      <subfield code="d">II Act..</subfield>
      <subfield code="g">F-4</subfield>
      <subfield code="m">i</subfield>
      <subfield code="n">xFCG</subfield>
      <subfield code="o">6/8</subfield>
      <subfield code="p">,4.A'C/6{FE}+4E+4.E/i/4.F+4F8D/</subfield>
      <subfield code="r">A</subfield>
      <subfield code="2">pe</subfield>
      <subfield code="u">30582992</subfield>
      </datafield>
   <datafield tag="100" ind1="1" ind2=" ">
      <subfield code="a">Huber, Hans</subfield>
      <subfield code="d">1852-1921</subfield>
      <subfield code="0">103857</subfield>
   </datafield>
   <datafield tag="240" ind1="1" ind2="0">
      <subfield code="a">Der Gläserne Berg</subfield>
      <subfield code="k">Sketches</subfield>
      <subfield code="m">V (18), Coro, orch</subfield>
      </datafield>
   <datafield tag="245" ind1="1" ind2="0">
      <subfield code="a">[label on dust cover title, by later hand:] Der gläserne Berg | (Oper von G. Bundi.) | Skizzen. | [...]</subfield>
   </datafield>
   <datafield tag="300" ind1=" " ind2=" ">
      <subfield code="8">1\c</subfield>
      <subfield code="a">short score (particella): 48p.</subfield>
      <subfield code="c">36 x 27 cm</subfield>
   </datafield>
   <datafield tag="500" ind1=" " ind2=" ">
      <subfield code="a">Partitur: ohne Text notiert</subfield>
   </datafield>
   <datafield tag="500" ind1=" " ind2=" ">
      <subfield code="a">Beiliegend: ein maschinengeschriebenes Libretto (mit autographen Vermerken), vier Libretti (facs.) und autographe Blätter mit Notizen</subfield>
   </datafield>
   <datafield tag="500" ind1=" " ind2=" ">
      <subfield code="a">Die Rollen sind im Libretto angegeben</subfield>
   </datafield>
   <datafield tag="510" ind1="1" ind2=" ">
      <subfield code="a">RepertoriumSchweiz</subfield>
      </datafield>
   <datafield tag="510" ind1="1" ind2=" ">
      <subfield code="a">RefardtH 1944</subfield>
      <subfield code="c">p.168</subfield>
   </datafield>
   <datafield tag="520" ind1=" " ind2=" ">
      <subfield code="a">Operas in 3 acts</subfield>
   </datafield>
   <datafield tag="593" ind1=" " ind2=" ">
      <subfield code="8">1\c</subfield>
      <subfield code="a">autograph</subfield>
   </datafield>
   <datafield tag="594" ind1=" " ind2=" ">
      <subfield code="a">S (6), A, T (3), B, Bariton 1, 2, 3, Sprechstimme, Coro B (X), orch</subfield>
   </datafield>
   <datafield tag="595" ind1="0" ind2="0">
      <subfield code="a">Das Weib im Walde (S)</subfield>
   </datafield>
   <datafield tag="595" ind1="0" ind2="0">
      <subfield code="a">Der König (B)</subfield>
   </datafield>
   <datafield tag="595" ind1="0" ind2="0">
      <subfield code="a">Der Turmwächter (Bariton)</subfield>
   </datafield>
   <datafield tag="595" ind1="0" ind2="0">
      <subfield code="a">Der schwarze Bote (Sprechstimme)</subfield>
   </datafield>
   <datafield tag="595" ind1="0" ind2="0">
      <subfield code="a">Die Prinzessin (S)</subfield>
   </datafield>
   <datafield tag="595" ind1="0" ind2="0">
      <subfield code="a">Edelfrauen (Coro)</subfield>
   </datafield>
   <datafield tag="595" ind1="0" ind2="0">
      <subfield code="a">Edelknechte (Coro)</subfield>
   </datafield>
   <datafield tag="595" ind1="0" ind2="0">
      <subfield code="a">Ein Butz (S)</subfield>
   </datafield>
   <datafield tag="595" ind1="0" ind2="0">
      <subfield code="a">Ein Fängge (T)</subfield>
   </datafield>
   <datafield tag="595" ind1="0" ind2="0">
      <subfield code="a">Ein Magier (Bariton)</subfield>
   </datafield>
   <datafield tag="595" ind1="0" ind2="0">
      <subfield code="a">Ein Senn (T)</subfield>
   </datafield>
   <datafield tag="595" ind1="0" ind2="0">
      <subfield code="a">Ein mächtiger Zwerg (Bariton)</subfield>
   </datafield>
   <datafield tag="595" ind1="0" ind2="0">
      <subfield code="a">Eine Edelfrau (S)</subfield>
   </datafield>
   <datafield tag="595" ind1="0" ind2="0">
      <subfield code="a">Eine Fänggin (S)</subfield>
   </datafield>
   <datafield tag="595" ind1="0" ind2="0">
      <subfield code="a">Erste Schwester (S)</subfield>
   </datafield>
   <datafield tag="595" ind1="0" ind2="0">
      <subfield code="a">Ritter (Coro)</subfield>
   </datafield>
   <datafield tag="595" ind1="0" ind2="0">
      <subfield code="a">Zweite Schwester (A)</subfield>
   </datafield>
   <datafield tag="650" ind1="0" ind2="0">
      <subfield code="a">Operas</subfield>
   </datafield>
   <datafield tag="700" ind1="1" ind2=" ">
      <subfield code="a">Bundi, Gian</subfield>
      <subfield code="d">1872-1936</subfield>
      <subfield code="0">255456</subfield>
      <subfield code="4">lyr</subfield>
   </datafield>
   <datafield tag="852" ind1=" " ind2=" ">
      <subfield code="a">CH-Bu</subfield>
      <subfield code="c">kr I 677</subfield>
      <subfield code="x">30000003</subfield>
   </datafield>
   </record>