
<record>
   <leader>00000cdd#a2200000###4500</leader>
   <controlfield tag="001">402004755</controlfield>
   <controlfield tag="003">RISM</controlfield>
   <controlfield tag="005">20100217111111.0</controlfield>
   <controlfield tag="008">100322|||||||||gw |||||||||||||||||ger|d</controlfield>
   <datafield tag="031" ind1=" " ind2=" ">
      <subfield code="a">1</subfield>
      <subfield code="b">1</subfield>
      <subfield code="c">1</subfield>
      <subfield code="d">Einleitung / (Vorspiel). Düster gehalten</subfield>
      <subfield code="g">G-2</subfield>
      <subfield code="m">ob 1</subfield>
      <subfield code="n">bBEA</subfield>
      <subfield code="o">c/</subfield>
      <subfield code="p">=6/''2ED/C+4(CDE)/1bD+/2D+4(DEF)/</subfield>
      <subfield code="r">E|b</subfield>
      <subfield code="2">pe</subfield>
      <subfield code="u">30582994</subfield>
      </datafield>
   <datafield tag="031" ind1=" " ind2=" ">
      <subfield code="a">1</subfield>
      <subfield code="b">2</subfield>
      <subfield code="c">1</subfield>
      <subfield code="d">I. Abtheilung. / vor der Schlacht. Im Tempo vorwärts</subfield>
      <subfield code="e">Hertenstein</subfield>
      <subfield code="g">F-4</subfield>
      <subfield code="m">Bariton solo</subfield>
      <subfield code="o">c/</subfield>
      <subfield code="p">4-2-/1-/ $bBEA '4C,G-G/'2C+4(CDE)/2.D,4nA/1nB/</subfield>
      <subfield code="r">C</subfield>
      <subfield code="t">Wachen was schaut ihr im Talesgrund</subfield>
      <subfield code="2">pe</subfield>
      <subfield code="u">30582995</subfield>
      </datafield>
   <datafield tag="031" ind1=" " ind2=" ">
      <subfield code="a">1</subfield>
      <subfield code="b">3</subfield>
      <subfield code="c">1</subfield>
      <subfield code="d">[attacca].</subfield>
      <subfield code="g">G-2</subfield>
      <subfield code="m">T 1 coro</subfield>
      <subfield code="n">bBEA</subfield>
      <subfield code="o">c</subfield>
      <subfield code="p">''2CC/C+4(CCC)/2C4ED/2.C4-/</subfield>
      <subfield code="r">c</subfield>
      <subfield code="t">Nebel ziehen den See entlang</subfield>
      <subfield code="2">pe</subfield>
      <subfield code="u">30582996</subfield>
      </datafield>
   <datafield tag="041" ind1=" " ind2=" ">
      <subfield code="a">ger</subfield>
   </datafield>
   <datafield tag="100" ind1="1" ind2=" ">
      <subfield code="a">Huber, Hans</subfield>
      <subfield code="d">1852-1921</subfield>
      <subfield code="0">103857</subfield>
   </datafield>
   <datafield tag="240" ind1="1" ind2="0">
      <subfield code="a">Die Murtenschlacht</subfield>
      <subfield code="m">V (3), Coro maschile, orch</subfield>
      </datafield>
   <datafield tag="245" ind1="1" ind2="0">
      <subfield code="a">[dust cover title:] Die Murtenschlacht. | Dichtung von J. von Salis | Cantate für Männerchor | &amp; Orchester | componirt | von | Hans Huber | Wesserling September 1876</subfield>
   </datafield>
   <datafield tag="300" ind1=" " ind2=" ">
      <subfield code="8">1\c</subfield>
      <subfield code="a">score: 173p.</subfield>
      <subfield code="c">37,5 x 27 cm</subfield>
   </datafield>
   <datafield tag="500" ind1=" " ind2=" ">
      <subfield code="a">Autographer Vermerk auf Seite 75 (Ende der "I. Abtheilung"): "I Theil finitur / 24 Juni 76."</subfield>
   </datafield>
   <datafield tag="500" ind1=" " ind2=" ">
      <subfield code="a">Autographer Vermerk auf Seite 105 (Ende der "II. Abtheilung"): "2 Theil finitur / le 6 Juillet. 76."</subfield>
   </datafield>
   <datafield tag="500" ind1=" " ind2=" ">
      <subfield code="a">Autographer Vermerk auf Seite 173 (Ende der Komposition): "finitur / 4 Aug. 1876"</subfield>
   </datafield>
   <datafield tag="500" ind1=" " ind2=" ">
      <subfield code="a">Etikett auf dem Titelblatt oben links mit handschriftlichem Vermerk: "Hu. 1"</subfield>
   </datafield>
   <datafield tag="500" ind1=" " ind2=" ">
      <subfield code="a">Beiliegend: ein Libretto (maschinengeschrieben) und ein gedruckter Artikel ("Zürich, 1. August 1939 3. Jahrgang Nr. 11 / EIDGENÖSSISCHES / SÄNGERBLATT / [...] / Die verloren geglaubte Murten-Kantate Hans Hubers / [...] / Edgar Refardt.")</subfield>
   </datafield>
   <datafield tag="500" ind1=" " ind2=" ">
      <subfield code="a">cl in B|b, cor in E|b, tr in C notiert</subfield>
   </datafield>
   <datafield tag="500" ind1=" " ind2=" ">
      <subfield code="a">RefH, p.131: "Komponiert gemäss einem Preisausschreiben für die Murtenschlachtfeier von 1876, aber nicht aufgeführt (1. Preis Lothar Kempter, 2. Preis Carl Munzinger). Die Partitur kam dem Komponisten aus Händen und ist erst 1939 wieder aufgetaucht"</subfield>
   </datafield>
   <datafield tag="500" ind1=" " ind2=" ">
      <subfield code="a">RefH, p.131: "Die Orchestereinleitung hat Huber zum ersten Satze des ersten Klavierkonzertes, op. 36, umgearbeitet [...]"</subfield>
   </datafield>
   <datafield tag="500" ind1=" " ind2=" ">
      <subfield code="a">Stempel auf dem Titelblatt: "Städtische Musikschule / Aschaffenburg"</subfield>
   </datafield>
   <datafield tag="510" ind1="1" ind2=" ">
      <subfield code="a">RepertoriumSchweiz</subfield>
      </datafield>
   <datafield tag="510" ind1="1" ind2=" ">
      <subfield code="a">RefardtH 1944</subfield>
      <subfield code="c">p.131</subfield>
   </datafield>
   <datafield tag="518" ind1=" " ind2=" ">
      <subfield code="a">Date of composition: 1876</subfield>
   </datafield>
   <datafield tag="561" ind1=" " ind2=" ">
      <subfield code="a">Städtische Musikschule Aschaffenburg, Aschaffenburg</subfield>
   </datafield>
   <datafield tag="591" ind1="0" ind2="0">
      <subfield code="a">Hu. 1.</subfield>
   </datafield>
   <datafield tag="593" ind1=" " ind2=" ">
      <subfield code="8">1\c</subfield>
      <subfield code="a">autograph</subfield>
   </datafield>
   <datafield tag="594" ind1=" " ind2=" ">
      <subfield code="a">T, B, Bariton, Coro T (2), Coro B (2), vl 1, vl 2, vla, vlc, b, fl (2), ob (2), cl (2), fag (2), cor (2), tr (2), fl.picc, a-trb, t-trb, b-trb, timp, gran cassa, piatti, triangolo</subfield>
   </datafield>
   <datafield tag="595" ind1="0" ind2="0">
      <subfield code="a">Hallwyl (T)</subfield>
   </datafield>
   <datafield tag="595" ind1="0" ind2="0">
      <subfield code="a">Waldmann (B)</subfield>
   </datafield>
   <datafield tag="650" ind1="0" ind2="0">
      <subfield code="a">Cantatas</subfield>
   </datafield>
   <datafield tag="700" ind1="1" ind2=" ">
      <subfield code="a">Salis, Arnold von</subfield>
      <subfield code="0">30043042</subfield>
      <subfield code="4">lyr</subfield>
   </datafield>
   <datafield tag="710" ind1="1" ind2=" ">
      <subfield code="a">Städtische Musikschule Aschaffenburg (Aschaffenburg)</subfield>
      <subfield code="0">44900</subfield>
      <subfield code="4">fmo</subfield>
   </datafield>
   <datafield tag="852" ind1=" " ind2=" ">
      <subfield code="a">CH-Bu</subfield>
      <subfield code="c">kr I 678</subfield>
      <subfield code="x">30000003</subfield>
   </datafield>
   </record>