
<record>
   <leader>00000cdd#a2200000###4500</leader>
   <controlfield tag="001">402004720</controlfield>
   <controlfield tag="003">RISM</controlfield>
   <controlfield tag="005">20100305111111.0</controlfield>
   <controlfield tag="008">100322s1916||||gw |||||||||||||||||ger|d</controlfield>
   <datafield tag="031" ind1=" " ind2=" ">
      <subfield code="a">1</subfield>
      <subfield code="b">1</subfield>
      <subfield code="c">1</subfield>
      <subfield code="d">Prolog.. Molto tranquillo</subfield>
      <subfield code="g">G-2</subfield>
      <subfield code="m">vl 1</subfield>
      <subfield code="n">xF</subfield>
      <subfield code="o">c</subfield>
      <subfield code="p">=2/'4D''8{D'B}8.G6xA8{AB}/4D''8{D'B}8.G6xG{8GA}/ @3/4 {B''B}{8.xD6B}8{BA}/</subfield>
      <subfield code="r">G</subfield>
      <subfield code="2">pe</subfield>
      <subfield code="u">30582768</subfield>
      </datafield>
   <datafield tag="031" ind1=" " ind2=" ">
      <subfield code="a">1</subfield>
      <subfield code="b">2</subfield>
      <subfield code="c">1</subfield>
      <subfield code="d">[attacca].</subfield>
      <subfield code="e">Ein elbisches Wesen</subfield>
      <subfield code="g">G-2</subfield>
      <subfield code="m">S solo</subfield>
      <subfield code="n">xF</subfield>
      <subfield code="o">3/4</subfield>
      <subfield code="p">8-'bB/''4G'8G-bAnA/bB''nF8.bE6D4C/8-'FBE''C'E/x''C'F''4xD'8BB/</subfield>
      <subfield code="r">G</subfield>
      <subfield code="t">Romantisch lieber Gott</subfield>
      <subfield code="2">pe</subfield>
      <subfield code="u">30582769</subfield>
      </datafield>
   <datafield tag="031" ind1=" " ind2=" ">
      <subfield code="a">1</subfield>
      <subfield code="b">3</subfield>
      <subfield code="c">1</subfield>
      <subfield code="d">Erster Akt / Scene 1.. Allegretto grazioso</subfield>
      <subfield code="g">G-2</subfield>
      <subfield code="m">fl 1</subfield>
      <subfield code="o">6/8</subfield>
      <subfield code="p">8--''3{GAB'''C}8G-'3{GAB''C}/8'G-''3{GAB'''C}''8G-'3{GAB''C}/8'G-''3{GAB'''C}''8A-3{B'''CDE}/</subfield>
      <subfield code="r">C</subfield>
      <subfield code="2">pe</subfield>
      <subfield code="u">30582770</subfield>
      </datafield>
   <datafield tag="031" ind1=" " ind2=" ">
      <subfield code="a">1</subfield>
      <subfield code="b">4</subfield>
      <subfield code="c">1</subfield>
      <subfield code="d">[attacca].</subfield>
      <subfield code="e">Fiametta</subfield>
      <subfield code="g">G-2</subfield>
      <subfield code="m">S solo</subfield>
      <subfield code="o">6/8</subfield>
      <subfield code="p">'6G/''4E6-C4.A/8E--4E6DC/4G8D4D'6B''D/4F'8A8.xG6B''6CD/8E'A</subfield>
      <subfield code="r">C</subfield>
      <subfield code="t">Hoho erwacht über den Himmel flogen schon längst blitzende Lichter</subfield>
      <subfield code="2">pe</subfield>
      <subfield code="u">30582771</subfield>
      </datafield>
   <datafield tag="031" ind1=" " ind2=" ">
      <subfield code="a">1</subfield>
      <subfield code="b">5</subfield>
      <subfield code="c">1</subfield>
      <subfield code="d">Zweiter Akt. / Erste Szene.. Prunkvoll</subfield>
      <subfield code="g">G-2</subfield>
      <subfield code="m">fl 1</subfield>
      <subfield code="n">bBE</subfield>
      <subfield code="o">3/4</subfield>
      <subfield code="p">'''6D/2D''8A-/'''8.{C''6G}4.G8-/4.B8G{FE}/8.{D'6A}{8.''D'6A}{8.''D6nE}/{8.xF6nB}4.B8A/</subfield>
      <subfield code="r">B|b</subfield>
      <subfield code="2">pe</subfield>
      <subfield code="u">30582772</subfield>
      </datafield>
   <datafield tag="031" ind1=" " ind2=" ">
      <subfield code="a">1</subfield>
      <subfield code="b">6</subfield>
      <subfield code="c">1</subfield>
      <subfield code="d">[attacca].</subfield>
      <subfield code="e">Bellinda</subfield>
      <subfield code="g">G-2</subfield>
      <subfield code="m">S solo</subfield>
      <subfield code="n">bBE</subfield>
      <subfield code="o">3/4</subfield>
      <subfield code="p">'8F/BBDD(xCnEA)/AA''4F8C'A/ @2/4 4GF/ @c ''E8C'G4F8nE-/ @3/4 4E4.F8bG/4G8{GxG}AnB/''4.C8DxD8nE/4F'F-/</subfield>
      <subfield code="r">B|b</subfield>
      <subfield code="t">Auf Marmorstufen stieg ich empor</subfield>
      <subfield code="2">pe</subfield>
      <subfield code="u">30582773</subfield>
      </datafield>
   <datafield tag="031" ind1=" " ind2=" ">
      <subfield code="a">1</subfield>
      <subfield code="b">7</subfield>
      <subfield code="c">1</subfield>
      <subfield code="d">Dritter Akt. / Erste Szene.. Leicht und sanft</subfield>
      <subfield code="g">G-2</subfield>
      <subfield code="m">vl 1</subfield>
      <subfield code="n">bBE</subfield>
      <subfield code="o">3/4</subfield>
      <subfield code="p">=2/8'{DEnEF}{xGA}/''8.{xC6D}4.F8xG/{AxGnGxF}{nFE}/{8.E6D}4.C'8nB/''{C'G}</subfield>
      <subfield code="r">g</subfield>
      <subfield code="2">pe</subfield>
      <subfield code="u">30582774</subfield>
      </datafield>
   <datafield tag="031" ind1=" " ind2=" ">
      <subfield code="a">1</subfield>
      <subfield code="b">8</subfield>
      <subfield code="c">1</subfield>
      <subfield code="d">[attacca]. Lebhafter Vortrag</subfield>
      <subfield code="e">Scaramuccio</subfield>
      <subfield code="g">F-4</subfield>
      <subfield code="m">Bariton solo</subfield>
      <subfield code="n">xF</subfield>
      <subfield code="o">3/4</subfield>
      <subfield code="p">,8D/G6{GA}8B'D,GA/4B8-6{B'C}8D,G/'8.bE6D4C8-nF/4.D8-</subfield>
      <subfield code="r">G</subfield>
      <subfield code="t">Die schönste Maid in weiter Rund begehrt der Herr für sich juchhe</subfield>
      <subfield code="2">pe</subfield>
      <subfield code="u">30582775</subfield>
      </datafield>
   <datafield tag="041" ind1=" " ind2=" ">
      <subfield code="a">ger</subfield>
   </datafield>
   <datafield tag="100" ind1="1" ind2=" ">
      <subfield code="a">Huber, Hans</subfield>
      <subfield code="d">1852-1921</subfield>
      <subfield code="0">103857</subfield>
   </datafield>
   <datafield tag="240" ind1="1" ind2="0">
      <subfield code="a">Die Schöne Bellinda</subfield>
      <subfield code="m">V (11), Coro, orch</subfield>
      </datafield>
   <datafield tag="245" ind1="1" ind2="0">
      <subfield code="a">[short score, caption title:] Das Narrenschloss. | Romantische Oper in 3 Acten. | von G. Bundi | Musik von Hans Huber | [short score, title page, by later hand:] [...] | (Die schöne Bellinda) | [...]</subfield>
   </datafield>
   <datafield tag="260" ind1=" " ind2=" ">
      <subfield code="8">1\c</subfield>
      <subfield code="c">1916 (1916)</subfield>
   </datafield>
   <datafield tag="260" ind1=" " ind2=" ">
      <subfield code="8">2\c</subfield>
      <subfield code="c">1916</subfield>
      </datafield>
   <datafield tag="260" ind1=" " ind2=" ">
      <subfield code="8">3\c</subfield>
      <subfield code="c">1916</subfield>
      </datafield>
   <datafield tag="260" ind1=" " ind2=" ">
      <subfield code="8">4\c</subfield>
      <subfield code="c">1915-1916</subfield>
      </datafield>
   <datafield tag="300" ind1=" " ind2=" ">
      <subfield code="8">1\c</subfield>
      <subfield code="a">score (2vol.): 245, 183p.</subfield>
      </datafield>
   <datafield tag="300" ind1=" " ind2=" ">
      <subfield code="8">2\c</subfield>
      <subfield code="a">short score (piano score): 91p.</subfield>
      <subfield code="c">Different sizes</subfield>
   </datafield>
   <datafield tag="300" ind1=" " ind2=" ">
      <subfield code="8">3\c</subfield>
      <subfield code="a">short score (vocal score): 4p.</subfield>
      <subfield code="c">28,5 x 19 cm</subfield>
   </datafield>
   <datafield tag="300" ind1=" " ind2=" ">
      <subfield code="8">4\c</subfield>
      <subfield code="a">short score (piano score/2x): 32, 32p.</subfield>
      <subfield code="c">28,5 x 20,5 cm</subfield>
   </datafield>
   <datafield tag="300" ind1=" " ind2=" ">
      <subfield code="8">5\c</subfield>
      <subfield code="a">43 parts: 40, 40, 40, 40, 39, 39, 39, 42, 42, 40, 40, 35, 36, 30, 26, 23, 28, 25, 15, 31, 28, 15, 31, 29, 16, 28, 28, 28, 24, 18, 16, 16, 20, 20, 24, 24, 27, 3, 3, 22, 18, 1, 19p.</subfield>
      <subfield code="c">34 x 25,5 cm</subfield>
   </datafield>
   <datafield tag="300" ind1=" " ind2=" ">
      <subfield code="8">6\c</subfield>
      <subfield code="a">21 parts: 42, 42, 42, 42, 40, 40, 40, 42, 42, 39, 39, 35, 35, 30, 24, 20, 24, 22, 11, 27, 24p.</subfield>
      <subfield code="c">30,5 x 24 cm</subfield>
   </datafield>
   <datafield tag="300" ind1=" " ind2=" ">
      <subfield code="8">7\c</subfield>
      <subfield code="a">short score (piano score): 135p.</subfield>
      <subfield code="c">27 x 19,5 cm</subfield>
   </datafield>
   <datafield tag="500" ind1=" " ind2=" ">
      <subfield code="a">Autographer Vermerk am Ende der Orchesterpartitur: "Engelberg 4 Januar / 1916"</subfield>
   </datafield>
   <datafield tag="500" ind1=" " ind2=" ">
      <subfield code="a">Gedruckter Klavierauszug, Stempel auf der Titelseite: "Musikschule &amp; Konservatorium / Hans Huber Bibliothek / BASEL"</subfield>
   </datafield>
   <datafield tag="500" ind1=" " ind2=" ">
      <subfield code="a">Handschriftlicher Klavierauszug, Vermerk am Ende der Komposition: "A. Gold / Basel 1915-16."</subfield>
   </datafield>
   <datafield tag="500" ind1=" " ind2=" ">
      <subfield code="a">Vokalpartitur, Vermerk am Ende der Komposition: "cop: A. Gold. Basel. 1916."</subfield>
   </datafield>
   <datafield tag="500" ind1=" " ind2=" ">
      <subfield code="a">Klavierauszug (von A. Gold) und Vokalpartitur: vervielfältigt</subfield>
   </datafield>
   <datafield tag="500" ind1=" " ind2=" ">
      <subfield code="a">Gran cassa und Tamburino: Partitur der Schlaginstrumente</subfield>
   </datafield>
   <datafield tag="500" ind1=" " ind2=" ">
      <subfield code="a">Orchesterstimmen: handschriftlich und vervielfältigt</subfield>
   </datafield>
   <datafield tag="500" ind1=" " ind2=" ">
      <subfield code="a">Beiliegend: 211 facs. der Vokalpartitur</subfield>
   </datafield>
   <datafield tag="500" ind1=" " ind2=" ">
      <subfield code="a">Beiliegend: 24 Einzelblätter der Chorpartitur ("Supplements-Chorstimmen.")</subfield>
   </datafield>
   <datafield tag="510" ind1="1" ind2=" ">
      <subfield code="a">RepertoriumSchweiz</subfield>
      </datafield>
   <datafield tag="510" ind1="1" ind2=" ">
      <subfield code="a">RefardtH 1944</subfield>
      <subfield code="c">p.123</subfield>
   </datafield>
   <datafield tag="518" ind1=" " ind2=" ">
      <subfield code="a">02.04.1916 Bern, Stadttheater</subfield>
   </datafield>
   <datafield tag="518" ind1=" " ind2=" ">
      <subfield code="a">Date of composition: 4.1.1916 Engelberg</subfield>
   </datafield>
   <datafield tag="520" ind1=" " ind2=" ">
      <subfield code="a">Opera in 3 acts</subfield>
   </datafield>
   <datafield tag="590" ind1=" " ind2=" ">
      <subfield code="8">5\c</subfield>
      <subfield code="a">vl 1 (4x), vl 2 (3x), vla (2x), vlc (2x), cb (2x), fl 1, 2, 3 and fl.picc, ob 1, 2, cor inglese, cl 1 in A and B|b, 2 in A and B|b, b-cl in B|b, fag 1, 2 contra-fag, cor 1 in F, 2 in F, 3 in F, 4 in F, tr 1 in F, 2 in F, 3 in F, trb 1, 2, 3, tb, arp, guit, mandoline, timp, gran cassa and tamburino, campanelli, celesta</subfield>
      </datafield>
   <datafield tag="590" ind1=" " ind2=" ">
      <subfield code="8">6\c</subfield>
      <subfield code="a">vl 1 (4x), vl 2 (3x), vla (2x), vlc (2x), cb (2x), fl 1, 2, 3 and fl.picc, ob 1, 2, cor inglese, cl 1 in A and B|b, 2 in A and B|b</subfield>
      </datafield>
   <datafield tag="593" ind1=" " ind2=" ">
      <subfield code="8">1\c</subfield>
      <subfield code="a">autograph</subfield>
   </datafield>
   <datafield tag="593" ind1=" " ind2=" ">
      <subfield code="8">2\c</subfield>
      <subfield code="a">autograph</subfield>
      </datafield>
   <datafield tag="593" ind1=" " ind2=" ">
      <subfield code="8">3\c</subfield>
      <subfield code="a">manuscript</subfield>
      </datafield>
   <datafield tag="593" ind1=" " ind2=" ">
      <subfield code="8">4\c</subfield>
      <subfield code="a">manuscript</subfield>
      </datafield>
   <datafield tag="593" ind1=" " ind2=" ">
      <subfield code="8">5\c</subfield>
      <subfield code="a">manuscript</subfield>
      </datafield>
   <datafield tag="593" ind1=" " ind2=" ">
      <subfield code="8">6\c</subfield>
      <subfield code="a">manuscript</subfield>
      </datafield>
   <datafield tag="593" ind1=" " ind2=" ">
      <subfield code="8">7\c</subfield>
      <subfield code="a">print</subfield>
      </datafield>
   <datafield tag="594" ind1=" " ind2=" ">
      <subfield code="a">S (5), T (3), Mezzo-S, Bariton 1, Bariton 2, Coro S, Coro A, Coro T, Coro B, vl 1, vl 2, vla, vlc, b, fl (2), ob (2), cl (2), fag (2), cor (4), tr (3), trb (3), fl.picc, cor inglese, b-cl, tb, timp, gran cassa, tamburino, piatti, triangolo, xilofono, castagnette, tam-tam, campanelli, celesta, arp, guit</subfield>
   </datafield>
   <datafield tag="595" ind1="0" ind2="0">
      <subfield code="a">Alfonso (Bariton)</subfield>
   </datafield>
   <datafield tag="595" ind1="0" ind2="0">
      <subfield code="a">Das Mädchen (S)</subfield>
   </datafield>
   <datafield tag="595" ind1="0" ind2="0">
      <subfield code="a">Der Jüngling (T)</subfield>
   </datafield>
   <datafield tag="595" ind1="0" ind2="0">
      <subfield code="a">Die Blonde (Mezzo-S)</subfield>
   </datafield>
   <datafield tag="595" ind1="0" ind2="0">
      <subfield code="a">Die Schwarze (S)</subfield>
   </datafield>
   <datafield tag="595" ind1="0" ind2="0">
      <subfield code="a">Ein Gondoliere (T)</subfield>
   </datafield>
   <datafield tag="595" ind1="0" ind2="0">
      <subfield code="a">Enzio (T)</subfield>
   </datafield>
   <datafield tag="650" ind1="0" ind2="0">
      <subfield code="a">Operas</subfield>
   </datafield>
   <datafield tag="700" ind1="1" ind2=" ">
      <subfield code="8">3\c</subfield>
      <subfield code="a">Gold, Albert</subfield>
      <subfield code="0">30044147</subfield>
      <subfield code="4">scr</subfield>
   </datafield>
   <datafield tag="700" ind1="1" ind2=" ">
      <subfield code="8">4\c</subfield>
      <subfield code="a">Gold, Albert</subfield>
      <subfield code="0">30044147</subfield>
      <subfield code="4">scr</subfield>
   </datafield>
   <datafield tag="700" ind1="1" ind2=" ">
      <subfield code="a">Bundi, Gian</subfield>
      <subfield code="d">1872-1936</subfield>
      <subfield code="0">255456</subfield>
      <subfield code="4">lyr</subfield>
   </datafield>
   <datafield tag="700" ind1="1" ind2=" ">
      <subfield code="a">Huber, Hans</subfield>
      <subfield code="d">1852-1921</subfield>
      <subfield code="0">103857</subfield>
      <subfield code="4">fmo</subfield>
   </datafield>
   <datafield tag="700" ind1="1" ind2=" ">
      <subfield code="a">Nef, Albert</subfield>
      <subfield code="0">30043993</subfield>
      <subfield code="4">prf</subfield>
   </datafield>
   <datafield tag="730" ind1="0" ind2=" ">
      <subfield code="a">Das Narrenschloß</subfield>
   </datafield>
   <datafield tag="852" ind1=" " ind2=" ">
      <subfield code="a">CH-Bu</subfield>
      <subfield code="c">kr I 655|b [score]</subfield>
      <subfield code="c">kr I 655|d [parts and vocal score]; kr I 655|c [short score]</subfield>
      <subfield code="x">30000003</subfield>
   </datafield>
   </record>