
<record>
   <leader>00000cdd#a2200000###4500</leader>
   <controlfield tag="001">402003422</controlfield>
   <controlfield tag="003">RISM</controlfield>
   <controlfield tag="005">20100305111111.0</controlfield>
   <controlfield tag="008">100322|||||||||gw |||||||||||||||||ger|d</controlfield>
   <datafield tag="031" ind1=" " ind2=" ">
      <subfield code="a">1</subfield>
      <subfield code="b">1</subfield>
      <subfield code="c">1</subfield>
      <subfield code="d">Vorspiel.. Molto tranquillo</subfield>
      <subfield code="g">G-2</subfield>
      <subfield code="m">pf</subfield>
      <subfield code="n">xF</subfield>
      <subfield code="o">c</subfield>
      <subfield code="p">'4D8''{D'B}4D''8{D'B}/4D8''{D'B}4D''8{D'B}/4D''8{D'B}8.{G6xA}8{AB}/4D''8{D'B}8.{G6xG}{8GA}/</subfield>
      <subfield code="r">G</subfield>
      <subfield code="2">pe</subfield>
      <subfield code="u">30578848</subfield>
      </datafield>
   <datafield tag="031" ind1=" " ind2=" ">
      <subfield code="a">1</subfield>
      <subfield code="b">2</subfield>
      <subfield code="c">1</subfield>
      <subfield code="d">[attacca].</subfield>
      <subfield code="e">Ein elbisches Wesen</subfield>
      <subfield code="g">G-2</subfield>
      <subfield code="m">S solo</subfield>
      <subfield code="n">xF</subfield>
      <subfield code="o">3/4</subfield>
      <subfield code="p">8-'B/''4G'8G-bAnA/bB''nF8.bE6D4C/8-'FBE''C'E/x''C'F''4xD'8BB/</subfield>
      <subfield code="r">G</subfield>
      <subfield code="t">Romantisch lieber Gott</subfield>
      <subfield code="2">pe</subfield>
      <subfield code="u">30578849</subfield>
      </datafield>
   <datafield tag="031" ind1=" " ind2=" ">
      <subfield code="a">1</subfield>
      <subfield code="b">3</subfield>
      <subfield code="c">1</subfield>
      <subfield code="d">Erster Akt. / Erste Szene.. Allegretto grazioso</subfield>
      <subfield code="g">G-2</subfield>
      <subfield code="m">pf</subfield>
      <subfield code="o">6/8</subfield>
      <subfield code="p">8{'GG6GG}8{GG6GG}/8{GG6GG}{8GG6GG}/8{G''6CE8G}{6A3GE}{6CE}'8A/{bA6''CbE8A}{6bB3AbG}6{EG}8C/</subfield>
      <subfield code="r">C</subfield>
      <subfield code="2">pe</subfield>
      <subfield code="u">30578850</subfield>
      </datafield>
   <datafield tag="031" ind1=" " ind2=" ">
      <subfield code="a">1</subfield>
      <subfield code="b">4</subfield>
      <subfield code="c">1</subfield>
      <subfield code="d">[attacca].</subfield>
      <subfield code="e">Fiametta</subfield>
      <subfield code="g">G-2</subfield>
      <subfield code="m">S solo</subfield>
      <subfield code="o">6/8</subfield>
      <subfield code="p">'6G/''4E6-C4.A/8E--4E6DC/4G8D4D'6B''D/4F'8A8.{xG6B}''6CD/8E'A</subfield>
      <subfield code="r">C</subfield>
      <subfield code="t">Hoho erwacht über den Himmel flogen schon längst blitzende Lichter</subfield>
      <subfield code="2">pe</subfield>
      <subfield code="u">30578851</subfield>
      </datafield>
   <datafield tag="031" ind1=" " ind2=" ">
      <subfield code="a">1</subfield>
      <subfield code="b">5</subfield>
      <subfield code="c">1</subfield>
      <subfield code="d">Zweiter Akt. / Erste Szene.. Maestoso</subfield>
      <subfield code="g">G-2</subfield>
      <subfield code="m">pf</subfield>
      <subfield code="n">bBE</subfield>
      <subfield code="o">3/4</subfield>
      <subfield code="p">'''6D/2D''8A-/'''8.{C''6G}4.G8-/4.B8{GFE}/8.{D'6A}{8.''D'6A}{8.''D6nE}/{8.xF6nB}4.B8A/</subfield>
      <subfield code="r">B|b</subfield>
      <subfield code="2">pe</subfield>
      <subfield code="u">30578852</subfield>
      </datafield>
   <datafield tag="031" ind1=" " ind2=" ">
      <subfield code="a">1</subfield>
      <subfield code="b">6</subfield>
      <subfield code="c">1</subfield>
      <subfield code="d">[attacca].</subfield>
      <subfield code="e">Bellinda</subfield>
      <subfield code="g">G-2</subfield>
      <subfield code="m">S solo</subfield>
      <subfield code="n">bBE</subfield>
      <subfield code="o">3/4</subfield>
      <subfield code="p">'8F/BBDD(xCnEA)/AA''4F8C'A/ @2/4 4GF/ @c ''E8C'G4F8nE-/ @3/4 4E4.F8bG/4G8{GxG}AnB/''4.C8DxD8nE/4F'F-/</subfield>
      <subfield code="r">B|b</subfield>
      <subfield code="t">Auf Marmorstufen stieg ich empor</subfield>
      <subfield code="2">pe</subfield>
      <subfield code="u">30578853</subfield>
      </datafield>
   <datafield tag="031" ind1=" " ind2=" ">
      <subfield code="a">1</subfield>
      <subfield code="b">7</subfield>
      <subfield code="c">1</subfield>
      <subfield code="d">Dritter Akt. / Erste Szene.. Tempo molto moderato</subfield>
      <subfield code="g">G-2</subfield>
      <subfield code="m">pf</subfield>
      <subfield code="n">bBE</subfield>
      <subfield code="o">3/4</subfield>
      <subfield code="p">=2/8'{DEnEFxGA}/''8.{xC6D}4.F8xG/{AxGnGxF}{nFE}/{8.E6D}4.C'8nB/''{C'G}</subfield>
      <subfield code="r">g</subfield>
      <subfield code="2">pe</subfield>
      <subfield code="u">30578854</subfield>
      </datafield>
   <datafield tag="031" ind1=" " ind2=" ">
      <subfield code="a">1</subfield>
      <subfield code="b">8</subfield>
      <subfield code="c">1</subfield>
      <subfield code="d">[attacca]. Tempo più vivace</subfield>
      <subfield code="e">Scaramuccio</subfield>
      <subfield code="g">F-4</subfield>
      <subfield code="m">Bariton solo</subfield>
      <subfield code="n">xF</subfield>
      <subfield code="o">3/4</subfield>
      <subfield code="p">,8D/G6{GA}8B'D,GA/4B8-6{B'C}8D,G/'8.bE6D4C8-nF/4.D8-</subfield>
      <subfield code="r">G</subfield>
      <subfield code="t">Die schönste Maid in weiter Rund begehrt der Herr für sich juchhe</subfield>
      <subfield code="2">pe</subfield>
      <subfield code="u">30578855</subfield>
      </datafield>
   <datafield tag="041" ind1=" " ind2=" ">
      <subfield code="a">ger</subfield>
   </datafield>
   <datafield tag="100" ind1="1" ind2=" ">
      <subfield code="a">Huber, Hans</subfield>
      <subfield code="d">1852-1921</subfield>
      <subfield code="0">103857</subfield>
   </datafield>
   <datafield tag="240" ind1="1" ind2="0">
      <subfield code="a">Die Schöne Bellinda</subfield>
      <subfield code="k">Arr</subfield>
      <subfield code="m">V (11), Coro, pf</subfield>
      </datafield>
   <datafield tag="245" ind1="1" ind2="0">
      <subfield code="a">[title page:] Die schöne Bellinda | Romantische Oper | in 3 Akten | von | GIAN BUNDI | Komponiert | von | HANS HUBER | Klavierauszug M. 12.- netto | [...]</subfield>
   </datafield>
   <datafield tag="300" ind1=" " ind2=" ">
      <subfield code="8">1\c</subfield>
      <subfield code="a">short score (piano score): 135p.</subfield>
      <subfield code="c">27 x 19,5 cm</subfield>
   </datafield>
   <datafield tag="510" ind1="1" ind2=" ">
      <subfield code="a">RepertoriumSchweiz</subfield>
      </datafield>
   <datafield tag="510" ind1="1" ind2=" ">
      <subfield code="a">RefardtH 1944</subfield>
      <subfield code="c">p.123</subfield>
   </datafield>
   <datafield tag="518" ind1=" " ind2=" ">
      <subfield code="a">02.04.1916 Bern, Stadttheater</subfield>
   </datafield>
   <datafield tag="520" ind1=" " ind2=" ">
      <subfield code="a">Opera in 3 acts</subfield>
   </datafield>
   <datafield tag="593" ind1=" " ind2=" ">
      <subfield code="8">1\c</subfield>
      <subfield code="a">print</subfield>
   </datafield>
   <datafield tag="594" ind1=" " ind2=" ">
      <subfield code="a">S (5), T (3), Mezzo-S, Bariton 1, 2, Coro S, Coro A, Coro T, Coro B, pf (orch)</subfield>
   </datafield>
   <datafield tag="595" ind1="0" ind2="0">
      <subfield code="a">Alfonso (Bariton)</subfield>
   </datafield>
   <datafield tag="595" ind1="0" ind2="0">
      <subfield code="a">Das Mädchen (S)</subfield>
   </datafield>
   <datafield tag="595" ind1="0" ind2="0">
      <subfield code="a">Der Jüngling (T)</subfield>
   </datafield>
   <datafield tag="595" ind1="0" ind2="0">
      <subfield code="a">Die Blonde (Mezzo-S)</subfield>
   </datafield>
   <datafield tag="595" ind1="0" ind2="0">
      <subfield code="a">Die Schwarze (S)</subfield>
   </datafield>
   <datafield tag="595" ind1="0" ind2="0">
      <subfield code="a">Ein Gondoliere (T)</subfield>
   </datafield>
   <datafield tag="595" ind1="0" ind2="0">
      <subfield code="a">Enzio (T)</subfield>
   </datafield>
   <datafield tag="650" ind1="0" ind2="0">
      <subfield code="a">Operas</subfield>
   </datafield>
   <datafield tag="700" ind1="1" ind2=" ">
      <subfield code="a">Bundi, Gian</subfield>
      <subfield code="d">1872-1936</subfield>
      <subfield code="0">255456</subfield>
      <subfield code="4">lyr</subfield>
   </datafield>
   <datafield tag="700" ind1="1" ind2=" ">
      <subfield code="a">Nef, Albert</subfield>
      <subfield code="0">30043993</subfield>
      <subfield code="4">prf</subfield>
   </datafield>
   <datafield tag="852" ind1=" " ind2=" ">
      <subfield code="a">CH-SO</subfield>
      <subfield code="c">DA I 122</subfield>
      <subfield code="x">30000012</subfield>
   </datafield>
   </record>