
<record>
   <leader>00000cdd#a2200000###4500</leader>
   <controlfield tag="001">402004807</controlfield>
   <controlfield tag="003">RISM</controlfield>
   <controlfield tag="005">20100305111111.0</controlfield>
   <controlfield tag="008">100322|||||||||gw |||||||||||||||||ger|d</controlfield>
   <datafield tag="031" ind1=" " ind2=" ">
      <subfield code="a">1</subfield>
      <subfield code="b">1</subfield>
      <subfield code="c">1</subfield>
      <subfield code="d">Vorspiel.</subfield>
      <subfield code="g">G-2</subfield>
      <subfield code="m">i</subfield>
      <subfield code="n">xF</subfield>
      <subfield code="o">c</subfield>
      <subfield code="p">'''8{D''B}{'''D''B}{'''D''B}{'''D''B}/i/'4D''8{D'B}8.G6bB8{BnB}/4D'''8{D''B}</subfield>
      <subfield code="r">G</subfield>
      <subfield code="2">pe</subfield>
      <subfield code="u">30583141</subfield>
      </datafield>
   <datafield tag="031" ind1=" " ind2=" ">
      <subfield code="a">1</subfield>
      <subfield code="b">2</subfield>
      <subfield code="c">1</subfield>
      <subfield code="d">[attacca].</subfield>
      <subfield code="e">Ein elbisches Wesen</subfield>
      <subfield code="g">G-2</subfield>
      <subfield code="m">S solo</subfield>
      <subfield code="n">xF</subfield>
      <subfield code="o">3/4</subfield>
      <subfield code="p">8'bB/''4G'8G-bAnA/bB''nF8.bE6'G4xF/8-FBE''C'E/x''C'F''4xD'8BB/</subfield>
      <subfield code="r">G</subfield>
      <subfield code="t">Romantisch lieber Gott</subfield>
      <subfield code="2">pe</subfield>
      <subfield code="u">30583142</subfield>
      </datafield>
   <datafield tag="031" ind1=" " ind2=" ">
      <subfield code="a">1</subfield>
      <subfield code="b">3</subfield>
      <subfield code="c">1</subfield>
      <subfield code="d">Act I.</subfield>
      <subfield code="g">G-2</subfield>
      <subfield code="m">i</subfield>
      <subfield code="o">6/8</subfield>
      <subfield code="p">8'{GG6GG}{8GG6GG}/i/8{G''6CE8G}{6A3GE}{6CE}'8A/</subfield>
      <subfield code="r">C</subfield>
      <subfield code="2">pe</subfield>
      <subfield code="u">30583143</subfield>
      </datafield>
   <datafield tag="031" ind1=" " ind2=" ">
      <subfield code="a">1</subfield>
      <subfield code="b">4</subfield>
      <subfield code="c">1</subfield>
      <subfield code="d">[attacca].</subfield>
      <subfield code="e">Fiametta</subfield>
      <subfield code="g">G-2</subfield>
      <subfield code="m">S solo</subfield>
      <subfield code="o">6/8</subfield>
      <subfield code="p">'6G/''4E6-C4.A/8E--4E6DC/4G8D4D'6G''D/4F'8A8.xG6B''6CC/8E'6{AB}</subfield>
      <subfield code="r">C</subfield>
      <subfield code="t">Hoho erwacht über den Himmel flogen schon längst blitzende Lichter</subfield>
      <subfield code="2">pe</subfield>
      <subfield code="u">30583144</subfield>
      </datafield>
   <datafield tag="041" ind1=" " ind2=" ">
      <subfield code="a">ger</subfield>
   </datafield>
   <datafield tag="100" ind1="1" ind2=" ">
      <subfield code="a">Huber, Hans</subfield>
      <subfield code="d">1852-1921</subfield>
      <subfield code="0">103857</subfield>
   </datafield>
   <datafield tag="240" ind1="1" ind2="0">
      <subfield code="a">Die Schöne Bellinda</subfield>
      <subfield code="k">Sketches</subfield>
      <subfield code="m">V (11), Coro, orch</subfield>
      </datafield>
   <datafield tag="245" ind1="1" ind2="0">
      <subfield code="a">[caption title, crossed out:] Das Narrenschloss. | Romantische Oper in drei Akten. | von G. Bundi | Musik von Hans Huber | [label on dust cover, by later hand:] Die schöne Bellinda | (Oper)</subfield>
   </datafield>
   <datafield tag="300" ind1=" " ind2=" ">
      <subfield code="8">1\c</subfield>
      <subfield code="a">short score (particella): 76p.</subfield>
      <subfield code="c">34,5 (26,5) x 26,5 (34,5) cm</subfield>
   </datafield>
   <datafield tag="500" ind1=" " ind2=" ">
      <subfield code="a">Autographe Orchesterpartitur vergleiche CH Bu kr I 655</subfield>
   </datafield>
   <datafield tag="510" ind1="1" ind2=" ">
      <subfield code="a">RepertoriumSchweiz</subfield>
      </datafield>
   <datafield tag="510" ind1="1" ind2=" ">
      <subfield code="a">RefardtH 1944</subfield>
      <subfield code="c">p.123</subfield>
   </datafield>
   <datafield tag="518" ind1=" " ind2=" ">
      <subfield code="a">02.04.1916 Bern, Stadttheater</subfield>
   </datafield>
   <datafield tag="520" ind1=" " ind2=" ">
      <subfield code="a">Opera in 3 acts</subfield>
   </datafield>
   <datafield tag="593" ind1=" " ind2=" ">
      <subfield code="8">1\c</subfield>
      <subfield code="a">autograph</subfield>
   </datafield>
   <datafield tag="594" ind1=" " ind2=" ">
      <subfield code="a">S (5), T (3), Mezzo-S, Bariton 1, 2, Coro S, Coro A, Coro T, Coro B, orch</subfield>
   </datafield>
   <datafield tag="595" ind1="0" ind2="0">
      <subfield code="a">Alfonso (Bariton)</subfield>
   </datafield>
   <datafield tag="595" ind1="0" ind2="0">
      <subfield code="a">Das Mädchen (S)</subfield>
   </datafield>
   <datafield tag="595" ind1="0" ind2="0">
      <subfield code="a">Der Jüngling (T)</subfield>
   </datafield>
   <datafield tag="595" ind1="0" ind2="0">
      <subfield code="a">Die Blonde (Mezzo-S)</subfield>
   </datafield>
   <datafield tag="595" ind1="0" ind2="0">
      <subfield code="a">Die Schwarze (S)</subfield>
   </datafield>
   <datafield tag="595" ind1="0" ind2="0">
      <subfield code="a">Ein Gondoliere (T)</subfield>
   </datafield>
   <datafield tag="595" ind1="0" ind2="0">
      <subfield code="a">Enzio (T)</subfield>
   </datafield>
   <datafield tag="650" ind1="0" ind2="0">
      <subfield code="a">Operas</subfield>
   </datafield>
   <datafield tag="700" ind1="1" ind2=" ">
      <subfield code="a">Bundi, Gian</subfield>
      <subfield code="d">1872-1936</subfield>
      <subfield code="0">255456</subfield>
      <subfield code="4">lyr</subfield>
   </datafield>
   <datafield tag="700" ind1="1" ind2=" ">
      <subfield code="a">Nef, Albert</subfield>
      <subfield code="0">30043993</subfield>
      <subfield code="4">prf</subfield>
   </datafield>
   <datafield tag="730" ind1="0" ind2=" ">
      <subfield code="a">Das Narrenschloß</subfield>
   </datafield>
   <datafield tag="852" ind1=" " ind2=" ">
      <subfield code="a">CH-Bu</subfield>
      <subfield code="c">kr I 395</subfield>
      <subfield code="x">30000003</subfield>
   </datafield>
   </record>