
<record>
   <leader>00000cdd#a2200000###4500</leader>
   <controlfield tag="001">402004404</controlfield>
   <controlfield tag="003">RISM</controlfield>
   <controlfield tag="005">20100302111111.0</controlfield>
   <controlfield tag="008">100322|||||||||gw |||||||||||||||||lat|d</controlfield>
   <datafield tag="031" ind1=" " ind2=" ">
      <subfield code="a">1</subfield>
      <subfield code="b">1</subfield>
      <subfield code="c">1</subfield>
      <subfield code="d">Adagio ma non troppo</subfield>
      <subfield code="g">G-2</subfield>
      <subfield code="m">fl 1</subfield>
      <subfield code="n">bBE</subfield>
      <subfield code="o">3/4</subfield>
      <subfield code="p">=1/4--3{''GAB'''CDEFxF}/8G-4--/--3{''GAB'''CbDEFxF}/8G-4--/</subfield>
      <subfield code="r">g</subfield>
      <subfield code="2">pe</subfield>
      <subfield code="u">30581583</subfield>
      </datafield>
   <datafield tag="031" ind1=" " ind2=" ">
      <subfield code="a">1</subfield>
      <subfield code="b">2</subfield>
      <subfield code="c">1</subfield>
      <subfield code="d">[attacca]. Andante tranquillo</subfield>
      <subfield code="g">F-4</subfield>
      <subfield code="m">Bariton</subfield>
      <subfield code="n">bBEAD</subfield>
      <subfield code="o">3/4</subfield>
      <subfield code="p">,4B4.B'8C/,2E4G/4A4.B'8C/,2A4-/'4D4.C8D/2bC,4nB/nA4.xG8nB/2nE4-/</subfield>
      <subfield code="r">A|b</subfield>
      <subfield code="t">Kyrie, eleison Christe eleison Kyrie eleison</subfield>
      <subfield code="2">pe</subfield>
      <subfield code="u">30581584</subfield>
      </datafield>
   <datafield tag="031" ind1=" " ind2=" ">
      <subfield code="a">1</subfield>
      <subfield code="b">3</subfield>
      <subfield code="c">1</subfield>
      <subfield code="d">[attacca]. Agitato</subfield>
      <subfield code="g">F-4</subfield>
      <subfield code="m">Bariton</subfield>
      <subfield code="n">bBEAD</subfield>
      <subfield code="o">3/4</subfield>
      <subfield code="p">,x4G/'4.xC,8xGGxA/4xGxF8-F/'2xD,4xF/2xxGx4A/'2xC4-/</subfield>
      <subfield code="r">A|b</subfield>
      <subfield code="t">Wer schläft in meiner Zelle und sprach kein Nachtgebet</subfield>
      <subfield code="2">pe</subfield>
      <subfield code="u">30581585</subfield>
      </datafield>
   <datafield tag="041" ind1=" " ind2=" ">
      <subfield code="a">lat</subfield>
   </datafield>
   <datafield tag="041" ind1=" " ind2=" ">
      <subfield code="a">ger</subfield>
   </datafield>
   <datafield tag="100" ind1="1" ind2=" ">
      <subfield code="a">Huber, Hans</subfield>
      <subfield code="d">1852-1921</subfield>
      <subfield code="0">103857</subfield>
   </datafield>
   <datafield tag="240" ind1="1" ind2="0">
      <subfield code="a">Im Kloster zu Amalfi</subfield>
      <subfield code="m">Bariton, orch</subfield>
      <subfield code="r">g</subfield>
   </datafield>
   <datafield tag="245" ind1="1" ind2="0">
      <subfield code="a">[left before accolade:] Im Kloster zu Amalfi. | (Symphonische Dichtung.) | nach J. Kaiser | a) Das Kloster. | b) fernes Meeresrauschen | c) Liebestraum | d) Procession | e) Anrede des Abts | f) Verklingen der Procession | g) Langsame Rückkehr | zur Anfangsstimmung.</subfield>
   </datafield>
   <datafield tag="300" ind1=" " ind2=" ">
      <subfield code="8">1\c</subfield>
      <subfield code="a">score: 56p.</subfield>
      <subfield code="c">35,5 x 27 cm</subfield>
   </datafield>
   <datafield tag="500" ind1=" " ind2=" ">
      <subfield code="a">cl in C notiert, cor in F, tr in F</subfield>
   </datafield>
   <datafield tag="510" ind1="1" ind2=" ">
      <subfield code="a">RepertoriumSchweiz</subfield>
      </datafield>
   <datafield tag="510" ind1="1" ind2=" ">
      <subfield code="a">RefardtH 1944</subfield>
      <subfield code="c">p.146</subfield>
   </datafield>
   <datafield tag="593" ind1=" " ind2=" ">
      <subfield code="8">1\c</subfield>
      <subfield code="a">autograph</subfield>
   </datafield>
   <datafield tag="594" ind1=" " ind2=" ">
      <subfield code="a">Bariton, vl 1 (2), vl 2 (2), vla (2), vlc, b, fl (2), ob (2), cl (2), fag (2), cor (4), tr (3), trb (3), fl.picc, cor inglese, b-cl, contra-fag, tb, timp, gran cassa, tamburino, campana, campanelli, triangolo, org, arp</subfield>
   </datafield>
   <datafield tag="650" ind1="0" ind2="0">
      <subfield code="a">Songs</subfield>
   </datafield>
   <datafield tag="700" ind1="1" ind2=" ">
      <subfield code="a">Kaiser, Isabelle</subfield>
      <subfield code="d">1866-1925</subfield>
      <subfield code="0">2734</subfield>
      <subfield code="4">lyr</subfield>
   </datafield>
   <datafield tag="852" ind1=" " ind2=" ">
      <subfield code="a">CH-Bu</subfield>
      <subfield code="c">kr I 520</subfield>
      <subfield code="x">30000003</subfield>
   </datafield>
   </record>