
<record>
   <leader>00000cdd#a2200000###4500</leader>
   <controlfield tag="001">402004218</controlfield>
   <controlfield tag="003">RISM</controlfield>
   <controlfield tag="005">20100217111111.0</controlfield>
   <controlfield tag="008">100322|||||||||gw |||||||||||||||||||||d</controlfield>
   <datafield tag="031" ind1=" " ind2=" ">
      <subfield code="a">1</subfield>
      <subfield code="b">1</subfield>
      <subfield code="c">1</subfield>
      <subfield code="d">Allegretto amabile</subfield>
      <subfield code="g">G-2</subfield>
      <subfield code="m">pf</subfield>
      <subfield code="n">xFCGDA</subfield>
      <subfield code="o">3/4</subfield>
      <subfield code="p">'8{F''F}/4G'8{G''G}4A/8{'A''A}4B'8{B''B}/4A'8{A''A}'''4D/''8{D'''D}4E''8{E'''E}/4G</subfield>
      <subfield code="r">B</subfield>
      <subfield code="2">pe</subfield>
      <subfield code="u">30581124</subfield>
      </datafield>
   <datafield tag="031" ind1=" " ind2=" ">
      <subfield code="a">1</subfield>
      <subfield code="b">2</subfield>
      <subfield code="c">1</subfield>
      <subfield code="d">[attacca]. Più animato</subfield>
      <subfield code="g">G-2</subfield>
      <subfield code="m">pf</subfield>
      <subfield code="n">xFCGDA</subfield>
      <subfield code="o">3/4</subfield>
      <subfield code="p">,8{B'B}''4BA/,8{B'B}''4AnA/,8{B'nA}''4AnG/,8{nG'nC}''4FE/</subfield>
      <subfield code="r">B</subfield>
      <subfield code="2">pe</subfield>
      <subfield code="u">30581125</subfield>
      </datafield>
   <datafield tag="031" ind1=" " ind2=" ">
      <subfield code="a">1</subfield>
      <subfield code="b">3</subfield>
      <subfield code="c">1</subfield>
      <subfield code="d">[attacca].</subfield>
      <subfield code="g">G-2</subfield>
      <subfield code="m">pf</subfield>
      <subfield code="n">xFCGD</subfield>
      <subfield code="o">3/4</subfield>
      <subfield code="p">'4.G8F4C+/8{CEDFCE}/,4.B'8D,4xA+/8{A'nC,A'C,xA'xC}/,4.A'8C</subfield>
      <subfield code="r">E</subfield>
      <subfield code="2">pe</subfield>
      <subfield code="u">30581126</subfield>
      </datafield>
   <datafield tag="031" ind1=" " ind2=" ">
      <subfield code="a">1</subfield>
      <subfield code="b">4</subfield>
      <subfield code="c">1</subfield>
      <subfield code="d">[attacca]. A tempo</subfield>
      <subfield code="g">G-2</subfield>
      <subfield code="m">pf</subfield>
      <subfield code="n">xFCGDA</subfield>
      <subfield code="o">3/4</subfield>
      <subfield code="p">'4G8{,G'G}4A/8,{A'A}4B,8{B'B}/4A,{8A'A}4B/,8{B'B}''4D'8{C''C}/4E</subfield>
      <subfield code="r">B</subfield>
      <subfield code="2">pe</subfield>
      <subfield code="u">30581127</subfield>
      </datafield>
   <datafield tag="100" ind1="1" ind2=" ">
      <subfield code="a">Huber, Hans</subfield>
      <subfield code="d">1852-1921</subfield>
      <subfield code="0">103857</subfield>
   </datafield>
   <datafield tag="240" ind1="1" ind2="0">
      <subfield code="a">Ländler</subfield>
      <subfield code="m">pf</subfield>
      <subfield code="r">B</subfield>
   </datafield>
   <datafield tag="245" ind1="1" ind2="0">
      <subfield code="a">[cover title:] Vier Ländler | (zum Konzertvortrage) | für | Pianoforte | komponiert | von | HANS HUBER. | Op. 60 | N|o. 3. | [...] | [caption title:] à Mademoiselle Aline Paraf. | Ländler III. | [...]</subfield>
   </datafield>
   <datafield tag="300" ind1=" " ind2=" ">
      <subfield code="8">1\c</subfield>
      <subfield code="a">1 part: 4p.</subfield>
      <subfield code="c">33 x 27 cm</subfield>
   </datafield>
   <datafield tag="383" ind1=" " ind2=" ">
      <subfield code="b">op.60/3</subfield>
   </datafield>
   <datafield tag="500" ind1=" " ind2=" ">
      <subfield code="a">Handschriftlicher Vermerk oben auf dem Umschlag: "P. Otto Rehm"</subfield>
   </datafield>
   <datafield tag="510" ind1="1" ind2=" ">
      <subfield code="a">RepertoriumSchweiz</subfield>
      </datafield>
   <datafield tag="510" ind1="1" ind2=" ">
      <subfield code="a">HuberLändler 1880</subfield>
      <subfield code="c">no.3</subfield>
   </datafield>
   <datafield tag="510" ind1="1" ind2=" ">
      <subfield code="a">RefardtH 1944</subfield>
      <subfield code="c">p.162</subfield>
   </datafield>
   <datafield tag="590" ind1=" " ind2=" ">
      <subfield code="8">1\c</subfield>
      <subfield code="a">pf</subfield>
   </datafield>
   <datafield tag="593" ind1=" " ind2=" ">
      <subfield code="8">1\c</subfield>
      <subfield code="a">print</subfield>
   </datafield>
   <datafield tag="594" ind1=" " ind2=" ">
      <subfield code="a">pf</subfield>
   </datafield>
   <datafield tag="650" ind1="0" ind2="0">
      <subfield code="a">Ländler</subfield>
   </datafield>
   <datafield tag="700" ind1="1" ind2=" ">
      <subfield code="a">Paraf, Aline</subfield>
      <subfield code="0">30044036</subfield>
      <subfield code="4">dte</subfield>
   </datafield>
   <datafield tag="700" ind1="1" ind2=" ">
      <subfield code="a">Rehm, Otto</subfield>
      <subfield code="d">1887-1971</subfield>
      <subfield code="0">30019115</subfield>
      <subfield code="4">fmo</subfield>
   </datafield>
   <datafield tag="852" ind1=" " ind2=" ">
      <subfield code="a">CH-E</subfield>
      <subfield code="c">Mk 758,6</subfield>
      <subfield code="x">30000006</subfield>
   </datafield>
   </record>