
<record>
   <leader>00000cdd#a2200000###4500</leader>
   <controlfield tag="001">402004219</controlfield>
   <controlfield tag="003">RISM</controlfield>
   <controlfield tag="005">20100217111111.0</controlfield>
   <controlfield tag="008">100322|||||||||gw |||||||||||||||||||||d</controlfield>
   <datafield tag="031" ind1=" " ind2=" ">
      <subfield code="a">1</subfield>
      <subfield code="b">1</subfield>
      <subfield code="c">1</subfield>
      <subfield code="d">Molto andante e grazioso</subfield>
      <subfield code="g">G-2</subfield>
      <subfield code="m">pf</subfield>
      <subfield code="n">bBEADG</subfield>
      <subfield code="o">3/4</subfield>
      <subfield code="p">'''8{bFC''bbBAGF}/'{CEFGnGA+}/({AnAB})({nB''CD}){6nDEnEF}/2.G/</subfield>
      <subfield code="r">D|b</subfield>
      <subfield code="2">pe</subfield>
      <subfield code="u">30581129</subfield>
      </datafield>
   <datafield tag="031" ind1=" " ind2=" ">
      <subfield code="a">1</subfield>
      <subfield code="b">2</subfield>
      <subfield code="c">1</subfield>
      <subfield code="d">[attacca].</subfield>
      <subfield code="g">G-2</subfield>
      <subfield code="m">pf</subfield>
      <subfield code="o">3/4</subfield>
      <subfield code="p">4.''xC'8xD{DE}/4ExDD/4.xD8{DxExF}/4xFxEE/xGxFF/4.A8{xGAB}/4BxAA/BxAA/</subfield>
      <subfield code="r">a</subfield>
      <subfield code="2">pe</subfield>
      <subfield code="u">30581130</subfield>
      </datafield>
   <datafield tag="031" ind1=" " ind2=" ">
      <subfield code="a">1</subfield>
      <subfield code="b">3</subfield>
      <subfield code="c">1</subfield>
      <subfield code="d">[attacca].</subfield>
      <subfield code="g">G-2</subfield>
      <subfield code="m">pf</subfield>
      <subfield code="n">bBEADG</subfield>
      <subfield code="o">3/4</subfield>
      <subfield code="p">''4.B'''8C{CD}/4DC8{CD}/4.D8{DEF}/4FE({8EGB})/''''4D</subfield>
      <subfield code="r">D|b</subfield>
      <subfield code="2">pe</subfield>
      <subfield code="u">30581131</subfield>
      </datafield>
   <datafield tag="100" ind1="1" ind2=" ">
      <subfield code="a">Huber, Hans</subfield>
      <subfield code="d">1852-1921</subfield>
      <subfield code="0">103857</subfield>
   </datafield>
   <datafield tag="240" ind1="1" ind2="0">
      <subfield code="a">Ländler</subfield>
      <subfield code="m">pf</subfield>
      <subfield code="r">D|b</subfield>
   </datafield>
   <datafield tag="245" ind1="1" ind2="0">
      <subfield code="a">[cover title:] Vier Ländler | (zum Konzertvortrage) | für | Pianoforte | komponiert | von | HANS HUBER. | Op. 60. | N|o. 4. | [...] | [caption title:] à Mademoiselle Alice Cartier. | Ländler IV. | [...]</subfield>
   </datafield>
   <datafield tag="300" ind1=" " ind2=" ">
      <subfield code="8">1\c</subfield>
      <subfield code="a">1 part: 4p.</subfield>
      <subfield code="c">33 x 27 cm</subfield>
   </datafield>
   <datafield tag="383" ind1=" " ind2=" ">
      <subfield code="b">op.60/4</subfield>
   </datafield>
   <datafield tag="500" ind1=" " ind2=" ">
      <subfield code="a">Handschriftlicher Vermerk oben auf dem Umschlag: "P. Otto Rehm"</subfield>
   </datafield>
   <datafield tag="510" ind1="1" ind2=" ">
      <subfield code="a">RepertoriumSchweiz</subfield>
      </datafield>
   <datafield tag="510" ind1="1" ind2=" ">
      <subfield code="a">HuberLändler 1880</subfield>
      <subfield code="c">no.4</subfield>
   </datafield>
   <datafield tag="510" ind1="1" ind2=" ">
      <subfield code="a">RefardtH 1944</subfield>
      <subfield code="c">p.162</subfield>
   </datafield>
   <datafield tag="590" ind1=" " ind2=" ">
      <subfield code="8">1\c</subfield>
      <subfield code="a">pf</subfield>
   </datafield>
   <datafield tag="593" ind1=" " ind2=" ">
      <subfield code="8">1\c</subfield>
      <subfield code="a">print</subfield>
   </datafield>
   <datafield tag="594" ind1=" " ind2=" ">
      <subfield code="a">pf</subfield>
   </datafield>
   <datafield tag="650" ind1="0" ind2="0">
      <subfield code="a">Ländler</subfield>
   </datafield>
   <datafield tag="700" ind1="1" ind2=" ">
      <subfield code="a">Cartier, Alice</subfield>
      <subfield code="0">30044037</subfield>
      <subfield code="4">dte</subfield>
   </datafield>
   <datafield tag="700" ind1="1" ind2=" ">
      <subfield code="a">Rehm, Otto</subfield>
      <subfield code="d">1887-1971</subfield>
      <subfield code="0">30019115</subfield>
      <subfield code="4">fmo</subfield>
   </datafield>
   <datafield tag="852" ind1=" " ind2=" ">
      <subfield code="a">CH-E</subfield>
      <subfield code="c">Mk 758,7</subfield>
      <subfield code="x">30000006</subfield>
   </datafield>
   </record>