
<record>
   <leader>00000cdd#a2200000###4500</leader>
   <controlfield tag="001">402004279</controlfield>
   <controlfield tag="003">RISM</controlfield>
   <controlfield tag="005">20100217111111.0</controlfield>
   <controlfield tag="008">100322|||||||||gw |||||||||||||||||||||d</controlfield>
   <datafield tag="031" ind1=" " ind2=" ">
      <subfield code="a">1</subfield>
      <subfield code="b">1</subfield>
      <subfield code="c">1</subfield>
      <subfield code="d">N|o. 1. Der Dichter erzählt.. Einfach und nicht schnell</subfield>
      <subfield code="g">G-2</subfield>
      <subfield code="m">pf primo</subfield>
      <subfield code="n">xF</subfield>
      <subfield code="o">2/4</subfield>
      <subfield code="p">'4B''xD/E'B/''8{C3DC'B''C}8{D'A}/2B/</subfield>
      <subfield code="r">G</subfield>
      <subfield code="2">pe</subfield>
      <subfield code="u">30581265</subfield>
      </datafield>
   <datafield tag="031" ind1=" " ind2=" ">
      <subfield code="a">1</subfield>
      <subfield code="b">2</subfield>
      <subfield code="c">1</subfield>
      <subfield code="d">[attacca]. Etwas treibend</subfield>
      <subfield code="g">G-2</subfield>
      <subfield code="m">pf primo</subfield>
      <subfield code="n">xF</subfield>
      <subfield code="o">2/4</subfield>
      <subfield code="p">''4.B'''8B/4BG/FxC/xD-/''A'''D/8{FE}4D/</subfield>
      <subfield code="r">G</subfield>
      <subfield code="2">pe</subfield>
      <subfield code="u">30581266</subfield>
      </datafield>
   <datafield tag="031" ind1=" " ind2=" ">
      <subfield code="a">1</subfield>
      <subfield code="b">3</subfield>
      <subfield code="c">1</subfield>
      <subfield code="d">N|o. 2. Die Grossmutter am Spinnrad erzählt aus ihrer Jugend.. Nicht zu rasch</subfield>
      <subfield code="g">G-2</subfield>
      <subfield code="m">pf primo</subfield>
      <subfield code="n">xF</subfield>
      <subfield code="o">2/4</subfield>
      <subfield code="p">'4B8({GA''C})/'4B''8E-/'4B(8{GA''C)}/'4B''8E-/{GE}{D'B}/({8AB''C)}{'B''D}/</subfield>
      <subfield code="r">e</subfield>
      <subfield code="2">pe</subfield>
      <subfield code="u">30581267</subfield>
      </datafield>
   <datafield tag="031" ind1=" " ind2=" ">
      <subfield code="a">1</subfield>
      <subfield code="b">4</subfield>
      <subfield code="c">1</subfield>
      <subfield code="d">[attacca]. Sehr zart</subfield>
      <subfield code="g">G-2</subfield>
      <subfield code="m">pf secondo</subfield>
      <subfield code="n">xFCGD</subfield>
      <subfield code="o">2/4</subfield>
      <subfield code="p">8{,GB}({'EGB})/4GF/,8{GB}'({EGB})/4GF/,{8GB}({'EGB})/''2E/</subfield>
      <subfield code="r">E</subfield>
      <subfield code="2">pe</subfield>
      <subfield code="u">30581268</subfield>
      </datafield>
   <datafield tag="031" ind1=" " ind2=" ">
      <subfield code="a">1</subfield>
      <subfield code="b">5</subfield>
      <subfield code="c">1</subfield>
      <subfield code="d">N|o. 3. Vom unglücklichen Königspagen.. Ziemlich langsam</subfield>
      <subfield code="g">G-2</subfield>
      <subfield code="m">pf primo</subfield>
      <subfield code="n">bBEAD</subfield>
      <subfield code="o">3/4</subfield>
      <subfield code="p">'8({AB''D})/4C'FG/A''C'(8{AB''D})/{CE}4C+8({C'BA})/''2C</subfield>
      <subfield code="r">f</subfield>
      <subfield code="2">pe</subfield>
      <subfield code="u">30581269</subfield>
      </datafield>
   <datafield tag="031" ind1=" " ind2=" ">
      <subfield code="a">1</subfield>
      <subfield code="b">6</subfield>
      <subfield code="c">1</subfield>
      <subfield code="d">[attacca]. Lieblich und schneller</subfield>
      <subfield code="g">F-4</subfield>
      <subfield code="m">pf secondo</subfield>
      <subfield code="n">bB</subfield>
      <subfield code="o">3/4</subfield>
      <subfield code="p">,4A'CF/4.E8D,4B/A'CF/4.A8E4C/EDC/,A'CF/ED,B/</subfield>
      <subfield code="r">F</subfield>
      <subfield code="2">pe</subfield>
      <subfield code="u">30581270</subfield>
      </datafield>
   <datafield tag="031" ind1=" " ind2=" ">
      <subfield code="a">1</subfield>
      <subfield code="b">7</subfield>
      <subfield code="c">1</subfield>
      <subfield code="d">[attacca]. Tempo primo</subfield>
      <subfield code="g">G-2</subfield>
      <subfield code="m">pf primo</subfield>
      <subfield code="n">bBEAD</subfield>
      <subfield code="o">3/4</subfield>
      <subfield code="p">''4C'FG/A''C'8({AB''D})/{CE}4C+(8{C'BA})/''2C8{CA}/4A</subfield>
      <subfield code="r">f</subfield>
      <subfield code="2">pe</subfield>
      <subfield code="u">30581271</subfield>
      </datafield>
   <datafield tag="031" ind1=" " ind2=" ">
      <subfield code="a">1</subfield>
      <subfield code="b">8</subfield>
      <subfield code="c">1</subfield>
      <subfield code="d">N|o. 4. Von den kleinen Elfen.. Rasch</subfield>
      <subfield code="g">G-2</subfield>
      <subfield code="m">pf primo</subfield>
      <subfield code="n">bBE</subfield>
      <subfield code="o">3/16</subfield>
      <subfield code="p">''6{DFD}/{nEGE}/{DFD}/{nEGE}/{FB'''D}/{FD''A}/{'''D''AF}/{AGnE}/8.F/6A--/</subfield>
      <subfield code="r">B|b</subfield>
      <subfield code="2">pe</subfield>
      <subfield code="u">30581272</subfield>
      </datafield>
   <datafield tag="031" ind1=" " ind2=" ">
      <subfield code="a">1</subfield>
      <subfield code="b">9</subfield>
      <subfield code="c">1</subfield>
      <subfield code="d">N|o. 5. Von Tristan und Isolde. Langsam</subfield>
      <subfield code="g">G-2</subfield>
      <subfield code="m">pf primo</subfield>
      <subfield code="n">bBEAD</subfield>
      <subfield code="o">3/4</subfield>
      <subfield code="p">'4B+/2B4A/''2D4C/F'B''C/DEF/BAF/AFE/bGFD/FEC/</subfield>
      <subfield code="r">A|b</subfield>
      <subfield code="2">pe</subfield>
      <subfield code="u">30581273</subfield>
      </datafield>
   <datafield tag="031" ind1=" " ind2=" ">
      <subfield code="a">1</subfield>
      <subfield code="b">10</subfield>
      <subfield code="c">1</subfield>
      <subfield code="d">N|o. 6. Vom jungen Schäfer, der später König wird.. Im Menuettempo</subfield>
      <subfield code="g">F-4</subfield>
      <subfield code="m">pf secondo</subfield>
      <subfield code="n">bB</subfield>
      <subfield code="o">3/4</subfield>
      <subfield code="p">,8({CDF})/4EDC/D,,A,8({CDF})/4EDC/'C,A'C/DCC/</subfield>
      <subfield code="r">F</subfield>
      <subfield code="2">pe</subfield>
      <subfield code="u">30581274</subfield>
      </datafield>
   <datafield tag="031" ind1=" " ind2=" ">
      <subfield code="a">1</subfield>
      <subfield code="b">11</subfield>
      <subfield code="c">1</subfield>
      <subfield code="d">[attacca]. Lieblich bewegt</subfield>
      <subfield code="g">G-2</subfield>
      <subfield code="m">pf primo</subfield>
      <subfield code="n">bBE</subfield>
      <subfield code="o">3/4</subfield>
      <subfield code="p">''4DEG/FBF/EGE/D8{C'B}''4C/DEG/FB'''D/FE''G/</subfield>
      <subfield code="r">B|b</subfield>
      <subfield code="2">pe</subfield>
      <subfield code="u">30581275</subfield>
      </datafield>
   <datafield tag="031" ind1=" " ind2=" ">
      <subfield code="a">1</subfield>
      <subfield code="b">12</subfield>
      <subfield code="c">1</subfield>
      <subfield code="d">[attacca]. Tempo primo</subfield>
      <subfield code="g">G-2</subfield>
      <subfield code="m">pf primo</subfield>
      <subfield code="n">bB</subfield>
      <subfield code="o">3/4</subfield>
      <subfield code="p">'''4EDC/D''A'''8({CDF})/4EDC/''''C'''A8({EFA})/4GFE/</subfield>
      <subfield code="r">F</subfield>
      <subfield code="2">pe</subfield>
      <subfield code="u">30581276</subfield>
      </datafield>
   <datafield tag="031" ind1=" " ind2=" ">
      <subfield code="a">1</subfield>
      <subfield code="b">13</subfield>
      <subfield code="c">1</subfield>
      <subfield code="d">N|o. 7. Von der schönen Melusine.. Langsam</subfield>
      <subfield code="g">G-2</subfield>
      <subfield code="m">pf secondo</subfield>
      <subfield code="n">xF</subfield>
      <subfield code="o">c</subfield>
      <subfield code="p">'4C8{AC}4DE/C{8AC}4DE/8({,A'DF})''4C'BA/GG2F/</subfield>
      <subfield code="r">G</subfield>
      <subfield code="2">pe</subfield>
      <subfield code="u">30581277</subfield>
      </datafield>
   <datafield tag="031" ind1=" " ind2=" ">
      <subfield code="a">1</subfield>
      <subfield code="b">14</subfield>
      <subfield code="c">1</subfield>
      <subfield code="d">N|o. 8. Vom König Rothbart.. Im Marschtempo</subfield>
      <subfield code="g">G-2</subfield>
      <subfield code="m">pf primo</subfield>
      <subfield code="o">c</subfield>
      <subfield code="p">''2E+8.{E6D8.C6D}/4E8({EFG})4CF/8.{A6G8.F6E}4FD/2C'4B-/</subfield>
      <subfield code="r">C</subfield>
      <subfield code="2">pe</subfield>
      <subfield code="u">30581278</subfield>
      </datafield>
   <datafield tag="031" ind1=" " ind2=" ">
      <subfield code="a">1</subfield>
      <subfield code="b">15</subfield>
      <subfield code="c">1</subfield>
      <subfield code="d">[attacca].</subfield>
      <subfield code="g">G-2</subfield>
      <subfield code="m">pf primo</subfield>
      <subfield code="n">bBEAD</subfield>
      <subfield code="o">c</subfield>
      <subfield code="p">=1/2-''E+/4EAG8{FE}/4EC'8nB''4F8E/4E2.C/</subfield>
      <subfield code="r">A|b</subfield>
      <subfield code="2">pe</subfield>
      <subfield code="u">30581279</subfield>
      </datafield>
   <datafield tag="031" ind1=" " ind2=" ">
      <subfield code="a">1</subfield>
      <subfield code="b">16</subfield>
      <subfield code="c">1</subfield>
      <subfield code="d">N|o. 9. Die Mutter erzählt vom todten Vater..</subfield>
      <subfield code="g">F-4</subfield>
      <subfield code="m">pf secondo</subfield>
      <subfield code="n">bBE</subfield>
      <subfield code="o">3/4</subfield>
      <subfield code="p">'4D4.xC8D/2D4-/4E4.D8E/2E4-/2xF4-/4GbAxF/GbAG/E+EbD/C</subfield>
      <subfield code="r">g</subfield>
      <subfield code="2">pe</subfield>
      <subfield code="u">30581280</subfield>
      </datafield>
   <datafield tag="031" ind1=" " ind2=" ">
      <subfield code="a">1</subfield>
      <subfield code="b">17</subfield>
      <subfield code="c">1</subfield>
      <subfield code="d">N|o. 10. Der Dichter nimmt Abschied.. Nicht schnell aber in anmuthiger Bewegung</subfield>
      <subfield code="g">G-2</subfield>
      <subfield code="m">pf primo</subfield>
      <subfield code="n">xF</subfield>
      <subfield code="o">3/4</subfield>
      <subfield code="p">''4B/2A4B/'''2C''4B/8{AB}4FG/2A4B/'''2C4D/''2B'''4C/</subfield>
      <subfield code="r">G</subfield>
      <subfield code="2">pe</subfield>
      <subfield code="u">30581281</subfield>
      </datafield>
   <datafield tag="100" ind1="1" ind2=" ">
      <subfield code="a">Huber, Hans</subfield>
      <subfield code="d">1852-1921</subfield>
      <subfield code="0">103857</subfield>
   </datafield>
   <datafield tag="240" ind1="1" ind2="0">
      <subfield code="a">Märchenerzählungen</subfield>
      <subfield code="m">pf 4hands</subfield>
      <subfield code="r">G</subfield>
   </datafield>
   <datafield tag="245" ind1="1" ind2="0">
      <subfield code="a">[cover title:] HUBER | Märchenerzählungen | Legends * Contes | Op. 16 | [caption title:] MÄRCHENERZÄHLUNGEN. | Fräulein Amelie und Alice Roman gewidmet. | [...] | Hans Huber, Op. 16.</subfield>
   </datafield>
   <datafield tag="300" ind1=" " ind2=" ">
      <subfield code="8">1\c</subfield>
      <subfield code="a">1 part: 28p.</subfield>
      <subfield code="c">30,5 x 23 cm</subfield>
   </datafield>
   <datafield tag="383" ind1=" " ind2=" ">
      <subfield code="b">op.16</subfield>
   </datafield>
   <datafield tag="500" ind1=" " ind2=" ">
      <subfield code="a">Handschriftlicher Vermerk oben auf dem Umschlag: "P. Otto Rehm"</subfield>
   </datafield>
   <datafield tag="510" ind1="1" ind2=" ">
      <subfield code="a">RepertoriumSchweiz</subfield>
      </datafield>
   <datafield tag="510" ind1="1" ind2=" ">
      <subfield code="a">RefardtH 1944</subfield>
      <subfield code="c">p.157</subfield>
   </datafield>
   <datafield tag="590" ind1=" " ind2=" ">
      <subfield code="8">1\c</subfield>
      <subfield code="a">pf 4hands</subfield>
   </datafield>
   <datafield tag="593" ind1=" " ind2=" ">
      <subfield code="8">1\c</subfield>
      <subfield code="a">print</subfield>
   </datafield>
   <datafield tag="594" ind1=" " ind2=" ">
      <subfield code="a">pf 4hands</subfield>
   </datafield>
   <datafield tag="650" ind1="0" ind2="0">
      <subfield code="a">Character pieces</subfield>
   </datafield>
   <datafield tag="700" ind1="1" ind2=" ">
      <subfield code="a">Roman, Amelie</subfield>
      <subfield code="0">30043997</subfield>
      <subfield code="4">dte</subfield>
   </datafield>
   <datafield tag="700" ind1="1" ind2=" ">
      <subfield code="a">Roman, Alice</subfield>
      <subfield code="0">30043998</subfield>
      <subfield code="4">dte</subfield>
   </datafield>
   <datafield tag="700" ind1="1" ind2=" ">
      <subfield code="a">Rehm, Otto</subfield>
      <subfield code="d">1887-1971</subfield>
      <subfield code="0">30019115</subfield>
      <subfield code="4">fmo</subfield>
   </datafield>
   <datafield tag="852" ind1=" " ind2=" ">
      <subfield code="a">CH-E</subfield>
      <subfield code="c">1040,23.1</subfield>
      <subfield code="x">30000006</subfield>
   </datafield>
   </record>