
<record>
   <leader>00000cdd#a2200000###4500</leader>
   <controlfield tag="001">402005243</controlfield>
   <controlfield tag="003">RISM</controlfield>
   <controlfield tag="005">20100305111111.0</controlfield>
   <controlfield tag="008">100322|||||||||gw |||||||||||||||||ger|d</controlfield>
   <datafield tag="031" ind1=" " ind2=" ">
      <subfield code="a">1</subfield>
      <subfield code="b">1</subfield>
      <subfield code="c">1</subfield>
      <subfield code="g">G-2</subfield>
      <subfield code="m">T 1</subfield>
      <subfield code="n">bB</subfield>
      <subfield code="o">c</subfield>
      <subfield code="p">'4F/4.A8xG4AD/4.B''8C4xCD/DFED/4.'A8A''2D/4.D8D4.E8E/2F</subfield>
      <subfield code="r">d</subfield>
      <subfield code="t">[Im Gletschereis drängt dumpf und schwer die wilde Kraft hinauf]</subfield>
      <subfield code="2">pe</subfield>
      <subfield code="u">30584565</subfield>
      </datafield>
   <datafield tag="041" ind1=" " ind2=" ">
      <subfield code="a">ger</subfield>
   </datafield>
   <datafield tag="100" ind1="1" ind2=" ">
      <subfield code="a">Huber, Hans</subfield>
      <subfield code="d">1852-1921</subfield>
      <subfield code="0">103857</subfield>
   </datafield>
   <datafield tag="240" ind1="1" ind2="0">
      <subfield code="a">Unsere Heimat</subfield>
      <subfield code="k">Sketches</subfield>
      <subfield code="m">Coro maschile</subfield>
      <subfield code="r">d</subfield>
   </datafield>
   <datafield tag="245" ind1="1" ind2="0">
      <subfield code="a">[caption title:] Unsre Heimat.</subfield>
   </datafield>
   <datafield tag="300" ind1=" " ind2=" ">
      <subfield code="8">1\c</subfield>
      <subfield code="a">short score (particella): p.1</subfield>
      </datafield>
   <datafield tag="500" ind1=" " ind2=" ">
      <subfield code="a">Singstimme: ohne Text notiert</subfield>
   </datafield>
   <datafield tag="500" ind1=" " ind2=" ">
      <subfield code="a">Gedruckte Partitur vergleiche CH Bu kk XII 37 N|o 6</subfield>
   </datafield>
   <datafield tag="510" ind1="1" ind2=" ">
      <subfield code="a">RepertoriumSchweiz</subfield>
      </datafield>
   <datafield tag="593" ind1=" " ind2=" ">
      <subfield code="8">1\c</subfield>
      <subfield code="a">autograph</subfield>
   </datafield>
   <datafield tag="594" ind1=" " ind2=" ">
      <subfield code="a">Coro T (2), Coro B (2)</subfield>
   </datafield>
   <datafield tag="650" ind1="0" ind2="0">
      <subfield code="a">Partsongs</subfield>
   </datafield>
   <datafield tag="700" ind1="1" ind2=" ">
      <subfield code="a">Bundi, Gian</subfield>
      <subfield code="d">1872-1936</subfield>
      <subfield code="0">255456</subfield>
      <subfield code="4">lyr</subfield>
   </datafield>
   <datafield tag="773" ind1="0" ind2=" ">
      <subfield code="a">402005242</subfield>
   </datafield>
   <datafield tag="852" ind1=" " ind2=" ">
      <subfield code="a">CH-Bu</subfield>
      <subfield code="c">kr I 424|b</subfield>
      <subfield code="x">30000003</subfield>
   </datafield>
   </record>