
<record>
   <leader>00000cdd#a2200000###4500</leader>
   <controlfield tag="001">403001248</controlfield>
   <controlfield tag="003">RISM</controlfield>
   <controlfield tag="005">20100302111111.0</controlfield>
   <controlfield tag="008">100322|||||||||gw |||||||||||||||||ger|d</controlfield>
   <datafield tag="031" ind1=" " ind2=" ">
      <subfield code="a">1</subfield>
      <subfield code="b">1</subfield>
      <subfield code="c">1</subfield>
      <subfield code="d">Innig</subfield>
      <subfield code="g">G-2</subfield>
      <subfield code="m">V</subfield>
      <subfield code="o">3/8</subfield>
      <subfield code="p">8-/=3/8--'E/''xC'BA/''DxC'B/AxGA/4B</subfield>
      <subfield code="r">a</subfield>
      <subfield code="t">Es blühet ein Veilchen auf grünender Au</subfield>
      <subfield code="2">pe</subfield>
      <subfield code="u">30595578</subfield>
      </datafield>
   <datafield tag="041" ind1=" " ind2=" ">
      <subfield code="a">ger</subfield>
   </datafield>
   <datafield tag="100" ind1="1" ind2=" ">
      <subfield code="a">Huber, Joseph</subfield>
      <subfield code="d">1837-1886</subfield>
      <subfield code="0">103906</subfield>
   </datafield>
   <datafield tag="240" ind1="1" ind2="0">
      <subfield code="a">Einsame Liebe</subfield>
      <subfield code="m">V, pf</subfield>
      <subfield code="r">a</subfield>
   </datafield>
   <datafield tag="245" ind1="1" ind2="0">
      <subfield code="a">[caption title:] Einsame Liebe. | (Rudolf Fastenrath.) | Jos. Huber.</subfield>
   </datafield>
   <datafield tag="300" ind1=" " ind2=" ">
      <subfield code="8">1\c</subfield>
      <subfield code="a">score: p.1</subfield>
      </datafield>
   <datafield tag="510" ind1="1" ind2=" ">
      <subfield code="a">NeueMusik-Zeitung</subfield>
      <subfield code="c">Jg.4, 1883, no.14, Beil.1</subfield>
      </datafield>
   <datafield tag="593" ind1=" " ind2=" ">
      <subfield code="8">1\c</subfield>
      <subfield code="a">print</subfield>
   </datafield>
   <datafield tag="594" ind1=" " ind2=" ">
      <subfield code="a">V, pf</subfield>
   </datafield>
   <datafield tag="650" ind1="0" ind2="0">
      <subfield code="a">Lieder</subfield>
   </datafield>
   <datafield tag="700" ind1="1" ind2=" ">
      <subfield code="a">Fastenrath, Rudolf</subfield>
      <subfield code="d">1856-1912</subfield>
      <subfield code="0">41661</subfield>
      <subfield code="4">lyr</subfield>
   </datafield>
   <datafield tag="773" ind1="0" ind2=" ">
      <subfield code="a">403001247</subfield>
   </datafield>
   <datafield tag="852" ind1=" " ind2=" ">
      <subfield code="a">CH-E</subfield>
      <subfield code="c">MK 501,11</subfield>
      <subfield code="x">30000006</subfield>
   </datafield>
   </record>