
<record>
   <leader>00000cdd#a2200000###4500</leader>
   <controlfield tag="001">403009704</controlfield>
   <controlfield tag="003">RISM</controlfield>
   <controlfield tag="005">20100304111111.0</controlfield>
   <controlfield tag="008">100322|||||||||gw |||||||||||||||||gsw|d</controlfield>
   <datafield tag="031" ind1=" " ind2=" ">
      <subfield code="a">1</subfield>
      <subfield code="b">1</subfield>
      <subfield code="c">1</subfield>
      <subfield code="d">Munter</subfield>
      <subfield code="g">G-2</subfield>
      <subfield code="m">V</subfield>
      <subfield code="n">xFCGD</subfield>
      <subfield code="o">3/4</subfield>
      <subfield code="p">,4B/4.'E,8B'4G/4.E8G{BxA}/4.F,8B'4G/2E</subfield>
      <subfield code="r">E</subfield>
      <subfield code="t">Der Ustig wott cho der Schnee zergeit scho</subfield>
      <subfield code="2">pe</subfield>
      <subfield code="u">30615491</subfield>
      </datafield>
   <datafield tag="041" ind1=" " ind2=" ">
      <subfield code="a">gsw</subfield>
   </datafield>
   <datafield tag="100" ind1="1" ind2=" ">
      <subfield code="a">Huber, Ferdinand Fürchtegott</subfield>
      <subfield code="d">1791-1863</subfield>
      <subfield code="0">30019145</subfield>
   </datafield>
   <datafield tag="240" ind1="1" ind2="0">
      <subfield code="a">Der Ustig wott cho</subfield>
      <subfield code="k">Arr</subfield>
      <subfield code="m">V, pf</subfield>
      <subfield code="r">E</subfield>
   </datafield>
   <datafield tag="245" ind1="1" ind2="0">
      <subfield code="a">[caption title:] 15. Der Ustig wott cho | G. J. Kuhn (1775-1825) | Ferd. Huber (1791-1863)</subfield>
   </datafield>
   <datafield tag="300" ind1=" " ind2=" ">
      <subfield code="8">1\c</subfield>
      <subfield code="a">1 part: p.32-35</subfield>
      </datafield>
   <datafield tag="500" ind1=" " ind2=" ">
      <subfield code="a">Zwei verschiedene Schlüsse: "Schluss von J. Heim" und "Schluss von Ferd. Huber"</subfield>
   </datafield>
   <datafield tag="510" ind1="1" ind2=" ">
      <subfield code="a">RepertoriumSchweiz</subfield>
      </datafield>
   <datafield tag="510" ind1="1" ind2=" ">
      <subfield code="a">SchweizerKomponisten</subfield>
      </datafield>
   <datafield tag="590" ind1=" " ind2=" ">
      <subfield code="8">1\c</subfield>
      <subfield code="a">V and pf</subfield>
   </datafield>
   <datafield tag="593" ind1=" " ind2=" ">
      <subfield code="8">1\c</subfield>
      <subfield code="a">print</subfield>
   </datafield>
   <datafield tag="594" ind1=" " ind2=" ">
      <subfield code="a">V, pf</subfield>
   </datafield>
   <datafield tag="650" ind1="0" ind2="0">
      <subfield code="a">Folk songs</subfield>
   </datafield>
   <datafield tag="700" ind1="1" ind2=" ">
      <subfield code="a">Niggli, Friedrich</subfield>
      <subfield code="d">1875-1959</subfield>
      <subfield code="0">102641</subfield>
      <subfield code="4">arr</subfield>
   </datafield>
   <datafield tag="700" ind1="1" ind2=" ">
      <subfield code="a">Heim, Benedikt Ignaz</subfield>
      <subfield code="d">1818-1880</subfield>
      <subfield code="0">30021331</subfield>
      <subfield code="4">clb</subfield>
   </datafield>
   <datafield tag="700" ind1="1" ind2=" ">
      <subfield code="a">Kuhn, Gottlieb Jakob</subfield>
      <subfield code="0">30042916</subfield>
      <subfield code="4">lyr</subfield>
   </datafield>
   <datafield tag="773" ind1="0" ind2=" ">
      <subfield code="a">403009689</subfield>
   </datafield>
   <datafield tag="852" ind1=" " ind2=" ">
      <subfield code="a">CH-E</subfield>
      <subfield code="c">Mw 646,1</subfield>
      <subfield code="x">30000006</subfield>
   </datafield>
   </record>