
<record>
   <leader>00000cdd#a2200000###4500</leader>
   <controlfield tag="001">403012677</controlfield>
   <controlfield tag="003">RISM</controlfield>
   <controlfield tag="005">20100304111111.0</controlfield>
   <controlfield tag="008">100322|||||||||gw |||||||||||||||||gsw|d</controlfield>
   <datafield tag="031" ind1=" " ind2=" ">
      <subfield code="a">1</subfield>
      <subfield code="b">1</subfield>
      <subfield code="c">1</subfield>
      <subfield code="d">Munter</subfield>
      <subfield code="g">G-2</subfield>
      <subfield code="m">T solo</subfield>
      <subfield code="n">xFCG</subfield>
      <subfield code="o">2/4</subfield>
      <subfield code="p">''8A6-C4E+/8E6CDEFED/8C6-'E4A+/8A6-''CEDCD/8E6-</subfield>
      <subfield code="r">A</subfield>
      <subfield code="t">Juppaha ali holi doli bo la ho</subfield>
      <subfield code="2">pe</subfield>
      <subfield code="u">32234292</subfield>
      </datafield>
   <datafield tag="041" ind1=" " ind2=" ">
      <subfield code="a">gsw</subfield>
   </datafield>
   <datafield tag="100" ind1="1" ind2=" ">
      <subfield code="a">Huber, Ferdinand Fürchtegott</subfield>
      <subfield code="d">1791-1863</subfield>
      <subfield code="0">30019145</subfield>
   </datafield>
   <datafield tag="240" ind1="1" ind2="0">
      <subfield code="a">Des Chüehjers Schätzeli</subfield>
      <subfield code="m">T, Coro maschile</subfield>
      <subfield code="r">A</subfield>
   </datafield>
   <datafield tag="245" ind1="1" ind2="0">
      <subfield code="a">[caption title:] 75. Des Chüehjers Schätzeli. | Ferd. Huber, St. Gallen (1791-1863).</subfield>
   </datafield>
   <datafield tag="300" ind1=" " ind2=" ">
      <subfield code="8">1\c</subfield>
      <subfield code="a">score: p.157-161</subfield>
      </datafield>
   <datafield tag="500" ind1=" " ind2=" ">
      <subfield code="a">Name des Textdichters am Schluss der Komposition</subfield>
   </datafield>
   <datafield tag="510" ind1="1" ind2=" ">
      <subfield code="a">RepertoriumSchweiz</subfield>
      </datafield>
   <datafield tag="593" ind1=" " ind2=" ">
      <subfield code="8">1\c</subfield>
      <subfield code="a">print</subfield>
   </datafield>
   <datafield tag="594" ind1=" " ind2=" ">
      <subfield code="a">T, Coro T (2), Coro B (2)</subfield>
   </datafield>
   <datafield tag="650" ind1="0" ind2="0">
      <subfield code="a">Partsongs</subfield>
   </datafield>
   <datafield tag="700" ind1="1" ind2=" ">
      <subfield code="a">Kuhn, Gottlieb Jakob</subfield>
      <subfield code="0">30042916</subfield>
      <subfield code="4">lyr</subfield>
   </datafield>
   <datafield tag="773" ind1="0" ind2=" ">
      <subfield code="a">403012602</subfield>
   </datafield>
   <datafield tag="852" ind1=" " ind2=" ">
      <subfield code="a">CH-E</subfield>
      <subfield code="c">Mw 1626</subfield>
      <subfield code="x">30000006</subfield>
   </datafield>
   </record>