
<record>
   <leader>00000cdd#a2200000###4500</leader>
   <controlfield tag="001">400101961</controlfield>
   <controlfield tag="003">RISM</controlfield>
   <controlfield tag="005">20100304111111.0</controlfield>
   <controlfield tag="008">100322|||||||||gw |||||||||||||||||gsw|d</controlfield>
   <datafield tag="031" ind1=" " ind2=" ">
      <subfield code="a">1</subfield>
      <subfield code="b">1</subfield>
      <subfield code="c">1</subfield>
      <subfield code="g">G-2</subfield>
      <subfield code="m">V</subfield>
      <subfield code="n">xFCG</subfield>
      <subfield code="o">2/4</subfield>
      <subfield code="p">'{6A''C}/'8E{6FxD}8E{6GA}/8B''EC{6'A''C}/8'E{6FxD}8E{6GA}/8B''EC{6CxD}/8E'{6GxA}{BA}{CxD}/8.E{3GF}(8E)</subfield>
      <subfield code="r">A</subfield>
      <subfield code="t">Juchhe der Geisbueb bin i ja mys Hörnli u my Geisle da</subfield>
      <subfield code="2">pe</subfield>
      <subfield code="u">30527820</subfield>
      </datafield>
   <datafield tag="041" ind1=" " ind2=" ">
      <subfield code="a">gsw</subfield>
   </datafield>
   <datafield tag="100" ind1="1" ind2=" ">
      <subfield code="a">Huber, Ferdinand Fürchtegott</subfield>
      <subfield code="d">1791-1863</subfield>
      <subfield code="0">30019145</subfield>
   </datafield>
   <datafield tag="240" ind1="1" ind2="0">
      <subfield code="a">Geisreihen</subfield>
      <subfield code="m">V, guit, pf</subfield>
      <subfield code="r">A</subfield>
   </datafield>
   <datafield tag="245" ind1="1" ind2="0">
      <subfield code="a">[caption title:] Comp. von Ferd. Huber. | Geisreihen.</subfield>
   </datafield>
   <datafield tag="300" ind1=" " ind2=" ">
      <subfield code="8">1\c</subfield>
      <subfield code="a">score: 5p.</subfield>
      </datafield>
   <datafield tag="500" ind1=" " ind2=" ">
      <subfield code="a">Der Liedtext findet sich als Gedicht auf p.232 des Almanachs "Alpenrosen" von 1820, das am Schluss mit dem Namen des Textdichters versehen ist</subfield>
   </datafield>
   <datafield tag="510" ind1="1" ind2=" ">
      <subfield code="a">Alpenrosen</subfield>
      <subfield code="c">1820, p.232 (Beilage)</subfield>
   </datafield>
   <datafield tag="510" ind1="1" ind2=" ">
      <subfield code="a">RepertoriumSchweiz</subfield>
      </datafield>
   <datafield tag="593" ind1=" " ind2=" ">
      <subfield code="8">1\c</subfield>
      <subfield code="a">print</subfield>
   </datafield>
   <datafield tag="594" ind1=" " ind2=" ">
      <subfield code="a">V, pf, guit</subfield>
   </datafield>
   <datafield tag="650" ind1="0" ind2="0">
      <subfield code="a">Lieder</subfield>
   </datafield>
   <datafield tag="700" ind1="1" ind2=" ">
      <subfield code="a">Kuhn, Gottlieb Jakob</subfield>
      <subfield code="0">30042916</subfield>
      <subfield code="4">lyr</subfield>
   </datafield>
   <datafield tag="773" ind1="0" ind2=" ">
      <subfield code="a">400101958</subfield>
   </datafield>
   <datafield tag="852" ind1=" " ind2=" ">
      <subfield code="a">CH-E</subfield>
      <subfield code="c">N 1680</subfield>
      <subfield code="x">30000006</subfield>
   </datafield>
   </record>