
<record>
   <leader>00000cdd#a2200000###4500</leader>
   <controlfield tag="001">403009986</controlfield>
   <controlfield tag="003">RISM</controlfield>
   <controlfield tag="005">20100304111111.0</controlfield>
   <controlfield tag="008">100322|||||||||gw |||||||||||||||||gsw|d</controlfield>
   <datafield tag="031" ind1=" " ind2=" ">
      <subfield code="a">1</subfield>
      <subfield code="b">1</subfield>
      <subfield code="c">1</subfield>
      <subfield code="d">Sanft</subfield>
      <subfield code="g">G-2</subfield>
      <subfield code="m">S</subfield>
      <subfield code="n">xFCG</subfield>
      <subfield code="o">3/8</subfield>
      <subfield code="p">''8.6CD8C/'BE''C/'4.A/</subfield>
      <subfield code="r">A</subfield>
      <subfield code="t">Luegit vo Bergen und Tal</subfield>
      <subfield code="2">pe</subfield>
      <subfield code="u">30616052</subfield>
      </datafield>
   <datafield tag="041" ind1=" " ind2=" ">
      <subfield code="a">gsw</subfield>
   </datafield>
   <datafield tag="100" ind1="1" ind2=" ">
      <subfield code="a">Huber, Ferdinand Fürchtegott</subfield>
      <subfield code="d">1791-1863</subfield>
      <subfield code="0">30019145</subfield>
   </datafield>
   <datafield tag="240" ind1="1" ind2="0">
      <subfield code="a">Luegit vo Bergen und Tal</subfield>
      <subfield code="k">Arr</subfield>
      <subfield code="m">Coro</subfield>
      <subfield code="r">A</subfield>
   </datafield>
   <datafield tag="245" ind1="1" ind2="0">
      <subfield code="a">[caption title:] 25. Luegit, vo Bergen und Tal. | F. Huber</subfield>
   </datafield>
   <datafield tag="300" ind1=" " ind2=" ">
      <subfield code="8">1\c</subfield>
      <subfield code="a">score: p.52-53</subfield>
      </datafield>
   <datafield tag="500" ind1=" " ind2=" ">
      <subfield code="a">Name des Bearbeiters im Vorwort</subfield>
   </datafield>
   <datafield tag="500" ind1=" " ind2=" ">
      <subfield code="a">Name des Textdichters am Schluss der Komposition</subfield>
   </datafield>
   <datafield tag="510" ind1="1" ind2=" ">
      <subfield code="a">RepertoriumSchweiz</subfield>
      </datafield>
   <datafield tag="510" ind1="1" ind2=" ">
      <subfield code="a">SchweizerKomponisten</subfield>
      </datafield>
   <datafield tag="593" ind1=" " ind2=" ">
      <subfield code="8">1\c</subfield>
      <subfield code="a">print</subfield>
   </datafield>
   <datafield tag="594" ind1=" " ind2=" ">
      <subfield code="a">Coro S, Coro A, Coro T, Coro B</subfield>
   </datafield>
   <datafield tag="650" ind1="0" ind2="0">
      <subfield code="a">Folk songs</subfield>
   </datafield>
   <datafield tag="700" ind1="1" ind2=" ">
      <subfield code="a">Pfirstinger, Felix</subfield>
      <subfield code="d">1869-1939</subfield>
      <subfield code="0">30015231</subfield>
      <subfield code="4">arr</subfield>
   </datafield>
   <datafield tag="700" ind1="1" ind2=" ">
      <subfield code="a">Henne, Josef Anton</subfield>
      <subfield code="0">30043047</subfield>
      <subfield code="4">lyr</subfield>
   </datafield>
   <datafield tag="773" ind1="0" ind2=" ">
      <subfield code="a">403009961</subfield>
   </datafield>
   <datafield tag="852" ind1=" " ind2=" ">
      <subfield code="a">CH-E</subfield>
      <subfield code="c">Mw 1333</subfield>
      <subfield code="x">30000006</subfield>
   </datafield>
   </record>