
<record>
   <leader>00000cdd#a2200000###4500</leader>
   <controlfield tag="001">403013151</controlfield>
   <controlfield tag="003">RISM</controlfield>
   <controlfield tag="005">20100304111111.0</controlfield>
   <controlfield tag="008">100322|||||||||gw |||||||||||||||||gsw|d</controlfield>
   <datafield tag="031" ind1=" " ind2=" ">
      <subfield code="a">1</subfield>
      <subfield code="b">1</subfield>
      <subfield code="c">1</subfield>
      <subfield code="d">Andantino</subfield>
      <subfield code="g">G-2</subfield>
      <subfield code="m">S 1</subfield>
      <subfield code="n">bBEA</subfield>
      <subfield code="o">6/8</subfield>
      <subfield code="p">'8.G6F8G{BA}F/4.E4-8-/8.A6B''{CD}{8FE}C/'4.B4-8-/</subfield>
      <subfield code="r">E|b</subfield>
      <subfield code="t">Herz wohi zieht es di säg mer wo denkst du hi</subfield>
      <subfield code="2">pe</subfield>
      <subfield code="u">32235271</subfield>
      </datafield>
   <datafield tag="041" ind1=" " ind2=" ">
      <subfield code="a">gsw</subfield>
   </datafield>
   <datafield tag="100" ind1="1" ind2=" ">
      <subfield code="a">Huber, Ferdinand Fürchtegott</subfield>
      <subfield code="d">1791-1863</subfield>
      <subfield code="0">30019145</subfield>
   </datafield>
   <datafield tag="240" ind1="1" ind2="0">
      <subfield code="a">Sehnsucht nach der Heimat</subfield>
      <subfield code="m">Coro fanciulli</subfield>
      <subfield code="r">E|b</subfield>
   </datafield>
   <datafield tag="245" ind1="1" ind2="0">
      <subfield code="a">[caption title:] 92 A. Sehnsucht nach der Heimath. | F. Huber.</subfield>
   </datafield>
   <datafield tag="300" ind1=" " ind2=" ">
      <subfield code="8">1\c</subfield>
      <subfield code="a">score: p.141-143</subfield>
      </datafield>
   <datafield tag="500" ind1=" " ind2=" ">
      <subfield code="a">Name des Textdichters am Schluss der Komposition</subfield>
   </datafield>
   <datafield tag="510" ind1="1" ind2=" ">
      <subfield code="a">RepertoriumSchweiz</subfield>
      </datafield>
   <datafield tag="593" ind1=" " ind2=" ">
      <subfield code="8">1\c</subfield>
      <subfield code="a">print</subfield>
   </datafield>
   <datafield tag="594" ind1=" " ind2=" ">
      <subfield code="a">Coro S (2), Coro A</subfield>
   </datafield>
   <datafield tag="650" ind1="0" ind2="0">
      <subfield code="a">Partsongs</subfield>
   </datafield>
   <datafield tag="700" ind1="1" ind2=" ">
      <subfield code="a">Kuhn, Gottlieb Jakob</subfield>
      <subfield code="0">30042916</subfield>
      <subfield code="4">lyr</subfield>
   </datafield>
   <datafield tag="773" ind1="0" ind2=" ">
      <subfield code="a">403013057</subfield>
   </datafield>
   <datafield tag="852" ind1=" " ind2=" ">
      <subfield code="a">CH-E</subfield>
      <subfield code="c">Mw 2235</subfield>
      <subfield code="x">30000006</subfield>
   </datafield>
   </record>