
<record>
   <leader>00000cdd#a2200000###4500</leader>
   <controlfield tag="001">403012643</controlfield>
   <controlfield tag="003">RISM</controlfield>
   <controlfield tag="005">20100304111111.0</controlfield>
   <controlfield tag="008">100322|||||||||gw |||||||||||||||||gsw|d</controlfield>
   <datafield tag="031" ind1=" " ind2=" ">
      <subfield code="a">1</subfield>
      <subfield code="b">1</subfield>
      <subfield code="c">1</subfield>
      <subfield code="d">Gemütlich; Sanft</subfield>
      <subfield code="g">G-2</subfield>
      <subfield code="m">T 1</subfield>
      <subfield code="n">xF</subfield>
      <subfield code="o">6/8</subfield>
      <subfield code="p">'8.B6A8B''{DC}'A/4.G+8G--/''8.C6D{EF}{8AG}E/4.D+8D--/</subfield>
      <subfield code="r">G</subfield>
      <subfield code="t">Herz wohi zieht es di säg mer wo denkst du hi</subfield>
      <subfield code="2">pe</subfield>
      <subfield code="u">32234224</subfield>
      </datafield>
   <datafield tag="041" ind1=" " ind2=" ">
      <subfield code="a">gsw</subfield>
   </datafield>
   <datafield tag="100" ind1="1" ind2=" ">
      <subfield code="a">Huber, Ferdinand Fürchtegott</subfield>
      <subfield code="d">1791-1863</subfield>
      <subfield code="0">30019145</subfield>
   </datafield>
   <datafield tag="240" ind1="1" ind2="0">
      <subfield code="a">Sehnsucht nach der Heimat</subfield>
      <subfield code="m">Coro maschile</subfield>
      <subfield code="r">G</subfield>
   </datafield>
   <datafield tag="245" ind1="1" ind2="0">
      <subfield code="a">[caption title:] 41. Sehnsucht nach der Heimat. | Ferd. Huber, St. Gallen (1791-1863).</subfield>
   </datafield>
   <datafield tag="300" ind1=" " ind2=" ">
      <subfield code="8">1\c</subfield>
      <subfield code="a">score: p.76-78</subfield>
      </datafield>
   <datafield tag="500" ind1=" " ind2=" ">
      <subfield code="a">Name des Textdichters am Schluss der Komposition</subfield>
   </datafield>
   <datafield tag="510" ind1="1" ind2=" ">
      <subfield code="a">RepertoriumSchweiz</subfield>
      </datafield>
   <datafield tag="593" ind1=" " ind2=" ">
      <subfield code="8">1\c</subfield>
      <subfield code="a">print</subfield>
   </datafield>
   <datafield tag="594" ind1=" " ind2=" ">
      <subfield code="a">Coro T (2), Coro B (2)</subfield>
   </datafield>
   <datafield tag="650" ind1="0" ind2="0">
      <subfield code="a">Partsongs</subfield>
   </datafield>
   <datafield tag="700" ind1="1" ind2=" ">
      <subfield code="a">Kuhn, Gottlieb Jakob</subfield>
      <subfield code="0">30042916</subfield>
      <subfield code="4">lyr</subfield>
   </datafield>
   <datafield tag="773" ind1="0" ind2=" ">
      <subfield code="a">403012602</subfield>
   </datafield>
   <datafield tag="852" ind1=" " ind2=" ">
      <subfield code="a">CH-E</subfield>
      <subfield code="c">Mw 1626</subfield>
      <subfield code="x">30000006</subfield>
   </datafield>
   </record>