
<record>
   <leader>00000cdd#a2200000###4500</leader>
   <controlfield tag="001">400108605</controlfield>
   <controlfield tag="003">RISM</controlfield>
   <controlfield tag="005">20100305111111.0</controlfield>
   <controlfield tag="008">100322k19001910gw |||||||||||||||||ger|d</controlfield>
   <datafield tag="031" ind1=" " ind2=" ">
      <subfield code="a">1</subfield>
      <subfield code="b">1</subfield>
      <subfield code="c">1</subfield>
      <subfield code="d">Ouverture. Grave</subfield>
      <subfield code="g">F-4</subfield>
      <subfield code="m">vlc</subfield>
      <subfield code="n">bBEAD</subfield>
      <subfield code="o">3/4</subfield>
      <subfield code="p">,,6F-,(FFF)8C-4-/,,6F-'(DDD)8D-4-/!,,6F-(,FFF)8F-4-/!f</subfield>
      <subfield code="r">f</subfield>
      <subfield code="2">pe</subfield>
      <subfield code="u">30537898</subfield>
      </datafield>
   <datafield tag="031" ind1=" " ind2=" ">
      <subfield code="a">1</subfield>
      <subfield code="b">2</subfield>
      <subfield code="c">1</subfield>
      <subfield code="d">Erster Akt / No.1 Chor der Kinder. Allegretto</subfield>
      <subfield code="o">2/4</subfield>
      <subfield code="r">F</subfield>
      <subfield code="t">[Spielmann sing uns ein Lied]</subfield>
      <subfield code="u">30537899</subfield>
      </datafield>
   <datafield tag="031" ind1=" " ind2=" ">
      <subfield code="a">1</subfield>
      <subfield code="b">3</subfield>
      <subfield code="c">1</subfield>
      <subfield code="d">No.2 Chor. Dolente</subfield>
      <subfield code="o">c</subfield>
      <subfield code="r">g</subfield>
      <subfield code="t">[Die Sonn' hat ihr leuchtendes Auge verhüllt]</subfield>
      <subfield code="u">30537900</subfield>
      </datafield>
   <datafield tag="031" ind1=" " ind2=" ">
      <subfield code="a">1</subfield>
      <subfield code="b">4</subfield>
      <subfield code="c">1</subfield>
      <subfield code="d">No.3 Ballade. Grave</subfield>
      <subfield code="o">3/4</subfield>
      <subfield code="r">f</subfield>
      <subfield code="t">[Höret zu und schweiget still]</subfield>
      <subfield code="u">30537901</subfield>
      </datafield>
   <datafield tag="031" ind1=" " ind2=" ">
      <subfield code="a">1</subfield>
      <subfield code="b">5</subfield>
      <subfield code="c">1</subfield>
      <subfield code="d">No.4 Abendlied. Adagio</subfield>
      <subfield code="o">c</subfield>
      <subfield code="r">B|b</subfield>
      <subfield code="t">[Armer Spielmann gute Nacht]</subfield>
      <subfield code="u">30537902</subfield>
      </datafield>
   <datafield tag="031" ind1=" " ind2=" ">
      <subfield code="a">1</subfield>
      <subfield code="b">6</subfield>
      <subfield code="c">1</subfield>
      <subfield code="d">No.5 Arie. Risoluto</subfield>
      <subfield code="o">c</subfield>
      <subfield code="r">d</subfield>
      <subfield code="t">[Dort oben die schwarze Burg]</subfield>
      <subfield code="u">30537903</subfield>
      </datafield>
   <datafield tag="031" ind1=" " ind2=" ">
      <subfield code="a">1</subfield>
      <subfield code="b">7</subfield>
      <subfield code="c">1</subfield>
      <subfield code="d">Tranquillo</subfield>
      <subfield code="o">12/8</subfield>
      <subfield code="r">D</subfield>
      <subfield code="t">[Wie ein Gebild aus märchenhaften Zeiten]</subfield>
      <subfield code="u">30537904</subfield>
      </datafield>
   <datafield tag="031" ind1=" " ind2=" ">
      <subfield code="a">1</subfield>
      <subfield code="b">8</subfield>
      <subfield code="c">1</subfield>
      <subfield code="d">No.6 Soli u. Chor. Moderato</subfield>
      <subfield code="o">3/4</subfield>
      <subfield code="r">a</subfield>
      <subfield code="t">[Ihr Wächter dort]</subfield>
      <subfield code="u">30537905</subfield>
      </datafield>
   <datafield tag="031" ind1=" " ind2=" ">
      <subfield code="a">1</subfield>
      <subfield code="b">9</subfield>
      <subfield code="c">1</subfield>
      <subfield code="d">II. Akt / No.7 Chor und Tanz. Allegro agitato</subfield>
      <subfield code="o">2/4</subfield>
      <subfield code="r">c</subfield>
      <subfield code="t">[Luzifer hallo]</subfield>
      <subfield code="u">30537906</subfield>
      </datafield>
   <datafield tag="031" ind1=" " ind2=" ">
      <subfield code="a">1</subfield>
      <subfield code="b">10</subfield>
      <subfield code="c">1</subfield>
      <subfield code="d">No.8 Arie. Adagio semplice</subfield>
      <subfield code="o">c</subfield>
      <subfield code="r">A</subfield>
      <subfield code="t">[Die Unschuld siegt]</subfield>
      <subfield code="u">30537907</subfield>
      </datafield>
   <datafield tag="031" ind1=" " ind2=" ">
      <subfield code="a">1</subfield>
      <subfield code="b">11</subfield>
      <subfield code="c">1</subfield>
      <subfield code="d">No.9 Duett. Andante cantabile</subfield>
      <subfield code="o">9/8</subfield>
      <subfield code="r">E|b</subfield>
      <subfield code="t">[So leg' ich denn vertrauend blind]</subfield>
      <subfield code="u">30537908</subfield>
      </datafield>
   <datafield tag="031" ind1=" " ind2=" ">
      <subfield code="a">1</subfield>
      <subfield code="b">12</subfield>
      <subfield code="c">1</subfield>
      <subfield code="d">Intermezzo. Andante</subfield>
      <subfield code="o">2/4</subfield>
      <subfield code="r">A|b</subfield>
      <subfield code="t">[Süsse Kindlein fürchtet euch nicht]</subfield>
      <subfield code="u">30537909</subfield>
      </datafield>
   <datafield tag="031" ind1=" " ind2=" ">
      <subfield code="a">1</subfield>
      <subfield code="b">13</subfield>
      <subfield code="c">1</subfield>
      <subfield code="d">No.10 Chor. Feroce</subfield>
      <subfield code="o">c/</subfield>
      <subfield code="r">d</subfield>
      <subfield code="t">[Brausende Wetter ziehn durch die Lüfte]</subfield>
      <subfield code="u">30537910</subfield>
      </datafield>
   <datafield tag="031" ind1=" " ind2=" ">
      <subfield code="a">1</subfield>
      <subfield code="b">14</subfield>
      <subfield code="c">1</subfield>
      <subfield code="d">No.11 Chor. Allegro</subfield>
      <subfield code="o">c</subfield>
      <subfield code="r">c</subfield>
      <subfield code="t">[Ein Kreuz wer redet vom Kreuz]</subfield>
      <subfield code="u">30537911</subfield>
      </datafield>
   <datafield tag="031" ind1=" " ind2=" ">
      <subfield code="a">1</subfield>
      <subfield code="b">15</subfield>
      <subfield code="c">1</subfield>
      <subfield code="d">III. Akt / No.12 Chor. Allegro moderato</subfield>
      <subfield code="o">6/8</subfield>
      <subfield code="r">D</subfield>
      <subfield code="t">[Hört die Trompeten rufen zum Kampfe]</subfield>
      <subfield code="u">30537912</subfield>
      </datafield>
   <datafield tag="031" ind1=" " ind2=" ">
      <subfield code="a">1</subfield>
      <subfield code="b">16</subfield>
      <subfield code="c">1</subfield>
      <subfield code="d">No.13 Duett. Moderato assai</subfield>
      <subfield code="o">c</subfield>
      <subfield code="r">a</subfield>
      <subfield code="t">[Du bist traurig]</subfield>
      <subfield code="u">30537913</subfield>
      </datafield>
   <datafield tag="031" ind1=" " ind2=" ">
      <subfield code="a">1</subfield>
      <subfield code="b">17</subfield>
      <subfield code="c">1</subfield>
      <subfield code="d">No.14 Ritterlied. Allegro</subfield>
      <subfield code="o">c</subfield>
      <subfield code="r">C</subfield>
      <subfield code="t">[Ein glänzender Ritter möcht' ich sein]</subfield>
      <subfield code="u">30537914</subfield>
      </datafield>
   <datafield tag="031" ind1=" " ind2=" ">
      <subfield code="a">1</subfield>
      <subfield code="b">18</subfield>
      <subfield code="c">1</subfield>
      <subfield code="d">Intermezzo. Andante</subfield>
      <subfield code="o">2/4</subfield>
      <subfield code="r">A|b</subfield>
      <subfield code="t">[Süsse Kindlein fürchtet euch nicht]</subfield>
      <subfield code="u">30537915</subfield>
      </datafield>
   <datafield tag="031" ind1=" " ind2=" ">
      <subfield code="a">1</subfield>
      <subfield code="b">19</subfield>
      <subfield code="c">1</subfield>
      <subfield code="d">No.15 Chor. Allegro moderato</subfield>
      <subfield code="o">3/4</subfield>
      <subfield code="r">g</subfield>
      <subfield code="t">[Halt ein Mörder noch ein Schritt nur]</subfield>
      <subfield code="u">30537916</subfield>
      </datafield>
   <datafield tag="031" ind1=" " ind2=" ">
      <subfield code="a">1</subfield>
      <subfield code="b">20</subfield>
      <subfield code="c">1</subfield>
      <subfield code="d">No.16 Finale. Moderato</subfield>
      <subfield code="o">c</subfield>
      <subfield code="r">F</subfield>
      <subfield code="t">[Habt Dank die ihr mit edler Tat]</subfield>
      <subfield code="u">30537917</subfield>
      </datafield>
   <datafield tag="041" ind1=" " ind2=" ">
      <subfield code="a">ger</subfield>
   </datafield>
   <datafield tag="100" ind1="1" ind2=" ">
      <subfield code="a">Huber, Franz</subfield>
      <subfield code="d">1865-1932</subfield>
      <subfield code="0">30017788</subfield>
   </datafield>
   <datafield tag="240" ind1="1" ind2="0">
      <subfield code="a">Der Schwarze Ritter</subfield>
      <subfield code="m">V (6), Coro, orch</subfield>
      </datafield>
   <datafield tag="245" ind1="1" ind2="0">
      <subfield code="a">[caption title:] | Der schwarze Ritter | P. Franz Huber.</subfield>
   </datafield>
   <datafield tag="260" ind1=" " ind2=" ">
      <subfield code="8">1\c</subfield>
      <subfield code="c">1900-1910 (20.in)</subfield>
   </datafield>
   <datafield tag="300" ind1=" " ind2=" ">
      <subfield code="8">1\c</subfield>
      <subfield code="a">1 part: 19p.</subfield>
      <subfield code="c">33 x 25,5 cm</subfield>
   </datafield>
   <datafield tag="500" ind1=" " ind2=" ">
      <subfield code="8">1\c</subfield>
      <subfield code="a">other parts missing</subfield>
   </datafield>
   <datafield tag="510" ind1="1" ind2=" ">
      <subfield code="a">RepertoriumBeromünst</subfield>
      </datafield>
   <datafield tag="518" ind1=" " ind2=" ">
      <subfield code="a">Date of composition: [1908]</subfield>
   </datafield>
   <datafield tag="590" ind1=" " ind2=" ">
      <subfield code="8">1\c</subfield>
      <subfield code="a">vlc</subfield>
   </datafield>
   <datafield tag="593" ind1=" " ind2=" ">
      <subfield code="8">1\c</subfield>
      <subfield code="a">manuscript</subfield>
   </datafield>
   <datafield tag="594" ind1=" " ind2=" ">
      <subfield code="a">S, A, B (2), Bariton 1, 2, Sprechstimme, Coro S (2), Coro A, Coro T, Coro B, orch</subfield>
   </datafield>
   <datafield tag="595" ind1="0" ind2="0">
      <subfield code="a">Belian (Bariton)</subfield>
   </datafield>
   <datafield tag="595" ind1="0" ind2="0">
      <subfield code="a">Diego (B)</subfield>
   </datafield>
   <datafield tag="595" ind1="0" ind2="0">
      <subfield code="a">Elviro (S)</subfield>
   </datafield>
   <datafield tag="595" ind1="0" ind2="0">
      <subfield code="a">Fernando (A)</subfield>
   </datafield>
   <datafield tag="595" ind1="0" ind2="0">
      <subfield code="a">Gomez (B)</subfield>
   </datafield>
   <datafield tag="595" ind1="0" ind2="0">
      <subfield code="a">Gormas (Sprechrolle)</subfield>
   </datafield>
   <datafield tag="595" ind1="0" ind2="0">
      <subfield code="a">Meister der Templer (Bariton)</subfield>
   </datafield>
   <datafield tag="650" ind1="0" ind2="0">
      <subfield code="a">Operas</subfield>
   </datafield>
   <datafield tag="700" ind1="1" ind2=" ">
      <subfield code="a">Benziger, Augustin</subfield>
      <subfield code="d">1870*</subfield>
      <subfield code="0">178304</subfield>
      <subfield code="4">lyr</subfield>
   </datafield>
   <datafield tag="852" ind1=" " ind2=" ">
      <subfield code="a">CH-BM</subfield>
      <subfield code="c">Mus.Ms.403</subfield>
      <subfield code="x">30000005</subfield>
   </datafield>
   </record>