
<record>
   <leader>00000cdd#a2200000###4500</leader>
   <controlfield tag="001">403007052</controlfield>
   <controlfield tag="003">RISM</controlfield>
   <controlfield tag="005">20100305111111.0</controlfield>
   <controlfield tag="008">100322|||||||||gw |||||||||||||||||ger|d</controlfield>
   <datafield tag="031" ind1=" " ind2=" ">
      <subfield code="a">1</subfield>
      <subfield code="b">1</subfield>
      <subfield code="c">1</subfield>
      <subfield code="d">Ouverture. Grave</subfield>
      <subfield code="g">G-2</subfield>
      <subfield code="m">pf</subfield>
      <subfield code="n">bBEAD</subfield>
      <subfield code="o">3/4</subfield>
      <subfield code="p">'''6F-''(FFF)8F-4-/'''6G-''(GGG)8G-4-/</subfield>
      <subfield code="r">f</subfield>
      <subfield code="2">pe</subfield>
      <subfield code="u">30608849</subfield>
      </datafield>
   <datafield tag="031" ind1=" " ind2=" ">
      <subfield code="a">1</subfield>
      <subfield code="b">2</subfield>
      <subfield code="c">1</subfield>
      <subfield code="d">Erster Akt / 1. Chor der Kinder. Allegretto</subfield>
      <subfield code="g">G-2</subfield>
      <subfield code="m">S coro</subfield>
      <subfield code="n">bB</subfield>
      <subfield code="o">2/4</subfield>
      <subfield code="p">=20/'8ACAC/A6F''D4C/</subfield>
      <subfield code="r">F</subfield>
      <subfield code="t">Spielmann sing uns ein Lied</subfield>
      <subfield code="2">pe</subfield>
      <subfield code="u">30608850</subfield>
      </datafield>
   <datafield tag="031" ind1=" " ind2=" ">
      <subfield code="a">1</subfield>
      <subfield code="b">3</subfield>
      <subfield code="c">1</subfield>
      <subfield code="d">2. Chor. Dolente</subfield>
      <subfield code="g">G-2</subfield>
      <subfield code="m">S coro</subfield>
      <subfield code="n">bBE</subfield>
      <subfield code="o">c</subfield>
      <subfield code="p">=8/2-4-'D/488''DCD'BAB/GFE4D-/</subfield>
      <subfield code="r">g</subfield>
      <subfield code="t">Die Sonn' hat ihr leuchtendes Auge verhüllt</subfield>
      <subfield code="2">pe</subfield>
      <subfield code="u">30608851</subfield>
      </datafield>
   <datafield tag="031" ind1=" " ind2=" ">
      <subfield code="a">1</subfield>
      <subfield code="b">4</subfield>
      <subfield code="c">1</subfield>
      <subfield code="d">3. Ballade mit Chor. Grave</subfield>
      <subfield code="g">G-2</subfield>
      <subfield code="m">S coro</subfield>
      <subfield code="n">bBEAD</subfield>
      <subfield code="o">3/4</subfield>
      <subfield code="p">4-/=4/4--'8FF/4G8-GGG/4A-</subfield>
      <subfield code="r">f</subfield>
      <subfield code="t">Höret zu und schweiget still</subfield>
      <subfield code="2">pe</subfield>
      <subfield code="u">30608852</subfield>
      </datafield>
   <datafield tag="031" ind1=" " ind2=" ">
      <subfield code="a">1</subfield>
      <subfield code="b">5</subfield>
      <subfield code="c">1</subfield>
      <subfield code="d">4. Chor und Abendlied. Adagio</subfield>
      <subfield code="g">G-2</subfield>
      <subfield code="m">S coro</subfield>
      <subfield code="n">bBE</subfield>
      <subfield code="o">c</subfield>
      <subfield code="p">=4/2-4-'8FG/4BA-8AB/''4DC-</subfield>
      <subfield code="r">B|b</subfield>
      <subfield code="t">Armer Spielmann gute Nacht</subfield>
      <subfield code="2">pe</subfield>
      <subfield code="u">30608853</subfield>
      </datafield>
   <datafield tag="031" ind1=" " ind2=" ">
      <subfield code="a">1</subfield>
      <subfield code="b">6</subfield>
      <subfield code="c">1</subfield>
      <subfield code="d">5. Recitativ und Arie. Risoluto</subfield>
      <subfield code="e">Diego</subfield>
      <subfield code="g">F-4</subfield>
      <subfield code="m">B solo</subfield>
      <subfield code="n">bB</subfield>
      <subfield code="o">c</subfield>
      <subfield code="p">8-4-/=2/2-4-8-,A/4AE8-GFE/2D4-</subfield>
      <subfield code="r">d</subfield>
      <subfield code="t">Dort oben die schwarze Burg</subfield>
      <subfield code="2">pe</subfield>
      <subfield code="u">30608854</subfield>
      </datafield>
   <datafield tag="031" ind1=" " ind2=" ">
      <subfield code="a">1</subfield>
      <subfield code="b">7</subfield>
      <subfield code="c">1</subfield>
      <subfield code="d">Tranquillo</subfield>
      <subfield code="e">Diego</subfield>
      <subfield code="g">F-4</subfield>
      <subfield code="m">B solo</subfield>
      <subfield code="n">xFC</subfield>
      <subfield code="o">12/8</subfield>
      <subfield code="p">=1/,4.F4E8D4.A+4A8F/{EF}G4F8E4.D,,A/</subfield>
      <subfield code="r">D</subfield>
      <subfield code="t">Wie ein Gebild aus märchenhaften Zeiten</subfield>
      <subfield code="2">pe</subfield>
      <subfield code="u">30608855</subfield>
      </datafield>
   <datafield tag="031" ind1=" " ind2=" ">
      <subfield code="a">1</subfield>
      <subfield code="b">8</subfield>
      <subfield code="c">1</subfield>
      <subfield code="d">6. Soli und Chor. Moderato</subfield>
      <subfield code="e">Elviro</subfield>
      <subfield code="g">G-2</subfield>
      <subfield code="m">S solo</subfield>
      <subfield code="o">3/4</subfield>
      <subfield code="p">=12/4--'E/2A{8.B''6C}/'2A4-/=1/4--</subfield>
      <subfield code="r">a</subfield>
      <subfield code="t">Ihr Wächter dort</subfield>
      <subfield code="2">pe</subfield>
      <subfield code="u">30608856</subfield>
      </datafield>
   <datafield tag="031" ind1=" " ind2=" ">
      <subfield code="a">1</subfield>
      <subfield code="b">9</subfield>
      <subfield code="c">1</subfield>
      <subfield code="d">Zweiter Akt / 7. Chor und Tanz. Allegro agitato</subfield>
      <subfield code="g">G-2</subfield>
      <subfield code="m">A coro</subfield>
      <subfield code="n">bBEA</subfield>
      <subfield code="o">2/4</subfield>
      <subfield code="p">=51/4-'8.C,6G/2A+/8A-</subfield>
      <subfield code="r">c</subfield>
      <subfield code="t">Luzifer hallo</subfield>
      <subfield code="2">pe</subfield>
      <subfield code="u">30608857</subfield>
      </datafield>
   <datafield tag="031" ind1=" " ind2=" ">
      <subfield code="a">1</subfield>
      <subfield code="b">10</subfield>
      <subfield code="c">1</subfield>
      <subfield code="d">8. Arie. Adagio semplice</subfield>
      <subfield code="e">Elviro</subfield>
      <subfield code="g">G-2</subfield>
      <subfield code="m">S solo</subfield>
      <subfield code="n">xFCG</subfield>
      <subfield code="o">c</subfield>
      <subfield code="p">=8/2-4-8-'E/''4CCE8-</subfield>
      <subfield code="r">A</subfield>
      <subfield code="t">Die Unschuld siegt</subfield>
      <subfield code="2">pe</subfield>
      <subfield code="u">30608858</subfield>
      </datafield>
   <datafield tag="031" ind1=" " ind2=" ">
      <subfield code="a">1</subfield>
      <subfield code="b">11</subfield>
      <subfield code="c">1</subfield>
      <subfield code="d">9. Duett. Andante cantabile</subfield>
      <subfield code="e">Fernando</subfield>
      <subfield code="g">G-2</subfield>
      <subfield code="m">A solo</subfield>
      <subfield code="n">bBEA</subfield>
      <subfield code="o">9/8</subfield>
      <subfield code="p">=7/48-----,B/'4.G+4G8F{EF}G/4B8F4.F4-</subfield>
      <subfield code="r">E|b</subfield>
      <subfield code="t">So leg' ich denn vertrauend blind</subfield>
      <subfield code="2">pe</subfield>
      <subfield code="u">30608859</subfield>
      </datafield>
   <datafield tag="031" ind1=" " ind2=" ">
      <subfield code="a">1</subfield>
      <subfield code="b">12</subfield>
      <subfield code="c">1</subfield>
      <subfield code="d">Intermezzo. Andante</subfield>
      <subfield code="e">Belian</subfield>
      <subfield code="g">F-4</subfield>
      <subfield code="m">Bariton solo</subfield>
      <subfield code="n">bBEAD</subfield>
      <subfield code="o">2/4</subfield>
      <subfield code="p">=1/'4C,G/BA/{8EnE}GF/4E-/</subfield>
      <subfield code="r">A|b</subfield>
      <subfield code="t">Süsse Kindlein fürchtet euch nicht</subfield>
      <subfield code="2">pe</subfield>
      <subfield code="u">30608860</subfield>
      </datafield>
   <datafield tag="031" ind1=" " ind2=" ">
      <subfield code="a">1</subfield>
      <subfield code="b">13</subfield>
      <subfield code="c">1</subfield>
      <subfield code="d">10. Chor. Feroce</subfield>
      <subfield code="g">G-2</subfield>
      <subfield code="m">S coro</subfield>
      <subfield code="n">bB</subfield>
      <subfield code="o">c/</subfield>
      <subfield code="p">=5/'4.F6ED4xCD/,A8.B6B'{8xCD}{EF}/</subfield>
      <subfield code="r">d</subfield>
      <subfield code="t">Brausende Wetter ziehn durch die Lüfte</subfield>
      <subfield code="2">pe</subfield>
      <subfield code="u">30608861</subfield>
      </datafield>
   <datafield tag="031" ind1=" " ind2=" ">
      <subfield code="a">1</subfield>
      <subfield code="b">14</subfield>
      <subfield code="c">1</subfield>
      <subfield code="d">11. Recitativ und Chor. Allegro</subfield>
      <subfield code="e">Belian</subfield>
      <subfield code="g">F-4</subfield>
      <subfield code="m">Bariton solo</subfield>
      <subfield code="n">bBEA</subfield>
      <subfield code="o">c</subfield>
      <subfield code="p">4-/=3/2-4-,nA/'2.C4-/-,CC8xDxF/2nA-/</subfield>
      <subfield code="r">c</subfield>
      <subfield code="t">Ein Kreuz wer redet vom Kreuz</subfield>
      <subfield code="2">pe</subfield>
      <subfield code="u">30608862</subfield>
      </datafield>
   <datafield tag="031" ind1=" " ind2=" ">
      <subfield code="a">1</subfield>
      <subfield code="b">15</subfield>
      <subfield code="c">1</subfield>
      <subfield code="d">Dritter Akt / 12. Chor. Allegro moderato</subfield>
      <subfield code="g">G-2</subfield>
      <subfield code="m">S coro</subfield>
      <subfield code="n">xFC</subfield>
      <subfield code="o">6/8</subfield>
      <subfield code="p">=18/''4.D8-DD/4D'8AFA''D/2.F/4D8-</subfield>
      <subfield code="r">D</subfield>
      <subfield code="t">Hört die Trompeten rufen zum Kampfe</subfield>
      <subfield code="2">pe</subfield>
      <subfield code="u">30608863</subfield>
      </datafield>
   <datafield tag="031" ind1=" " ind2=" ">
      <subfield code="a">1</subfield>
      <subfield code="b">16</subfield>
      <subfield code="c">1</subfield>
      <subfield code="d">13. Duett. Moderato assai</subfield>
      <subfield code="e">Elviro</subfield>
      <subfield code="g">G-2</subfield>
      <subfield code="m">S solo</subfield>
      <subfield code="o">c</subfield>
      <subfield code="p">=2/'4.A8A''4C'B/4.B8B''4DC/</subfield>
      <subfield code="r">a</subfield>
      <subfield code="t">Du bist traurig</subfield>
      <subfield code="2">pe</subfield>
      <subfield code="u">30608864</subfield>
      </datafield>
   <datafield tag="031" ind1=" " ind2=" ">
      <subfield code="a">1</subfield>
      <subfield code="b">17</subfield>
      <subfield code="c">1</subfield>
      <subfield code="d">14. Ritterlied. Allegro</subfield>
      <subfield code="e">Elviro</subfield>
      <subfield code="g">G-2</subfield>
      <subfield code="m">S solo</subfield>
      <subfield code="o">c</subfield>
      <subfield code="p">=1/2-4-'G//:''4.C'6G''C4EC/DGE8.-</subfield>
      <subfield code="r">C</subfield>
      <subfield code="t">Ein glänzender Ritter möcht' ich sein</subfield>
      <subfield code="2">pe</subfield>
      <subfield code="u">30608865</subfield>
      </datafield>
   <datafield tag="031" ind1=" " ind2=" ">
      <subfield code="a">1</subfield>
      <subfield code="b">18</subfield>
      <subfield code="c">1</subfield>
      <subfield code="d">Intermezzo. Andante</subfield>
      <subfield code="e">Belian</subfield>
      <subfield code="g">F-4</subfield>
      <subfield code="m">Bariton</subfield>
      <subfield code="n">bBEAD</subfield>
      <subfield code="o">2/4</subfield>
      <subfield code="p">=1/'4C,G/BA/{8EnE}GF/4E-/</subfield>
      <subfield code="r">A|b</subfield>
      <subfield code="t">Süsse Kindlein fürchtet euch nicht</subfield>
      <subfield code="2">pe</subfield>
      <subfield code="u">30608866</subfield>
      </datafield>
   <datafield tag="031" ind1=" " ind2=" ">
      <subfield code="a">1</subfield>
      <subfield code="b">19</subfield>
      <subfield code="c">1</subfield>
      <subfield code="d">15. Rezitativ und Chor. Allegro moderato</subfield>
      <subfield code="e">Diego</subfield>
      <subfield code="g">F-4</subfield>
      <subfield code="m">B solo</subfield>
      <subfield code="n">bBE</subfield>
      <subfield code="o">3/4</subfield>
      <subfield code="p">6-/4--8.-,6G/2.G/4BG8-G/2A4A/nB-</subfield>
      <subfield code="r">g</subfield>
      <subfield code="t">Halt ein Mörder noch ein Schritt nur</subfield>
      <subfield code="2">pe</subfield>
      <subfield code="u">30608867</subfield>
      </datafield>
   <datafield tag="031" ind1=" " ind2=" ">
      <subfield code="a">1</subfield>
      <subfield code="b">20</subfield>
      <subfield code="c">1</subfield>
      <subfield code="d">16. Finale. Moderato</subfield>
      <subfield code="e">Gomez</subfield>
      <subfield code="g">F-4</subfield>
      <subfield code="m">B solo</subfield>
      <subfield code="n">bB</subfield>
      <subfield code="o">c</subfield>
      <subfield code="p">2-4-8-,C/4.F8FEF8.A6G/2F8-</subfield>
      <subfield code="r">F</subfield>
      <subfield code="t">Habt Dank die ihr mit edler Tat</subfield>
      <subfield code="2">pe</subfield>
      <subfield code="u">30608868</subfield>
      </datafield>
   <datafield tag="041" ind1=" " ind2=" ">
      <subfield code="a">ger</subfield>
   </datafield>
   <datafield tag="100" ind1="1" ind2=" ">
      <subfield code="a">Huber, Franz</subfield>
      <subfield code="d">1865-1932</subfield>
      <subfield code="0">30017788</subfield>
   </datafield>
   <datafield tag="240" ind1="1" ind2="0">
      <subfield code="a">Der Schwarze Ritter</subfield>
      <subfield code="k">Arr</subfield>
      <subfield code="m">V (6), Coro, orch</subfield>
      </datafield>
   <datafield tag="245" ind1="1" ind2="0">
      <subfield code="a">[title page:] Dem Hochwürdigsten Gnädigsten Herrn Abt | Leodegar II. | zum goldenen Professjubiläum 10. Nov. 1908 gewidmet. | Der schwarze Ritter | Romantische Oper | in 3 Akten. | Text von Dr. P. Augustin Benziger. | Musik | von | P. Franz Huber. | Klavierauszug | (bearbeitet vom Komponisten.) | Stift Engelberg. | Selbstverlag des Komponisten. | [.....]</subfield>
   </datafield>
   <datafield tag="300" ind1=" " ind2=" ">
      <subfield code="8">1\c</subfield>
      <subfield code="a">short score (piano score/9x): 95, 95, 95, 95, 95, 95, 95, 95, 95p.</subfield>
      <subfield code="c">27 x 19 cm</subfield>
   </datafield>
   <datafield tag="500" ind1=" " ind2=" ">
      <subfield code="a">Maschinengeschriebenes Textbuch "(mit den Abänderungen für die Auf- / führung an der Stiftsschule Einsiedeln 1925)" und Texte der einzelnen Stimmen (Matrizen) vergleiche CH E 760,43</subfield>
   </datafield>
   <datafield tag="510" ind1="1" ind2=" ">
      <subfield code="a">SchweizerKomponisten</subfield>
      </datafield>
   <datafield tag="518" ind1=" " ind2=" ">
      <subfield code="a">Date of composition: 1908</subfield>
   </datafield>
   <datafield tag="593" ind1=" " ind2=" ">
      <subfield code="8">1\c</subfield>
      <subfield code="a">print</subfield>
   </datafield>
   <datafield tag="594" ind1=" " ind2=" ">
      <subfield code="a">S, A, B (2), Bariton 1, 2, Sprechstimme, Coro S (2), Coro A, Coro T, Coro B, pf (orch)</subfield>
   </datafield>
   <datafield tag="595" ind1="0" ind2="0">
      <subfield code="a">Gormas (Sprechrolle)</subfield>
   </datafield>
   <datafield tag="595" ind1="0" ind2="0">
      <subfield code="a">Meister der Templer (Bariton)</subfield>
   </datafield>
   <datafield tag="650" ind1="0" ind2="0">
      <subfield code="a">Operas</subfield>
   </datafield>
   <datafield tag="700" ind1="1" ind2=" ">
      <subfield code="a">Huber, Franz</subfield>
      <subfield code="d">1865-1932</subfield>
      <subfield code="0">30017788</subfield>
      <subfield code="4">arr</subfield>
   </datafield>
   <datafield tag="700" ind1="1" ind2=" ">
      <subfield code="a">Benziger, Augustin</subfield>
      <subfield code="d">1870*</subfield>
      <subfield code="0">178304</subfield>
      <subfield code="4">lyr</subfield>
   </datafield>
   <datafield tag="700" ind1="1" ind2=" ">
      <subfield code="a">Scherer, Leodegarius</subfield>
      <subfield code="0">30042676</subfield>
      <subfield code="4">dte</subfield>
   </datafield>
   <datafield tag="852" ind1=" " ind2=" ">
      <subfield code="a">CH-E</subfield>
      <subfield code="c">584,11 [piano score 1 and 2]</subfield>
      <subfield code="c">Ma 74 [piano score 9]; Mw 537 [piano score 5]; 772,3 [piano score 3]; 772,3 [piano score 4]; 900,20 [piano score 6]; Ma 73 [piano score 8]; Ma 72 [piano score 7]</subfield>
      <subfield code="x">30000006</subfield>
   </datafield>
   </record>