
<record>
   <leader>00000cdd#a2200000###4500</leader>
   <controlfield tag="001">403007053</controlfield>
   <controlfield tag="003">RISM</controlfield>
   <controlfield tag="005">20100305111111.0</controlfield>
   <controlfield tag="008">100322|||||||||gw |||||||||||||||||ger|d</controlfield>
   <datafield tag="031" ind1=" " ind2=" ">
      <subfield code="a">1</subfield>
      <subfield code="b">1</subfield>
      <subfield code="c">1</subfield>
      <subfield code="d">Ouverture. Largo molto</subfield>
      <subfield code="g">G-2</subfield>
      <subfield code="m">pf</subfield>
      <subfield code="n">bBEA</subfield>
      <subfield code="o">c</subfield>
      <subfield code="p">'''2.C4-/2-4-C/2C-/2-4-C/2C-/-4-</subfield>
      <subfield code="r">c</subfield>
      <subfield code="2">pe</subfield>
      <subfield code="u">30608870</subfield>
      </datafield>
   <datafield tag="031" ind1=" " ind2=" ">
      <subfield code="a">1</subfield>
      <subfield code="b">2</subfield>
      <subfield code="c">1</subfield>
      <subfield code="d">Erster Akt / 1. Introduktion und Chor. Allegro moderato</subfield>
      <subfield code="g">G-2</subfield>
      <subfield code="m">S coro</subfield>
      <subfield code="o">2/4</subfield>
      <subfield code="p">=23/4-8-'E/''4C8C'B/4A8EE/''4ED/C8-</subfield>
      <subfield code="r">a</subfield>
      <subfield code="t">Erhabener Herr des Propheten Sohn</subfield>
      <subfield code="2">pe</subfield>
      <subfield code="u">30608871</subfield>
      </datafield>
   <datafield tag="031" ind1=" " ind2=" ">
      <subfield code="a">1</subfield>
      <subfield code="b">3</subfield>
      <subfield code="c">1</subfield>
      <subfield code="d">2. Recitativ und Arie. Lento</subfield>
      <subfield code="e">Abdallah</subfield>
      <subfield code="g">F-4</subfield>
      <subfield code="m">B solo</subfield>
      <subfield code="n">xF</subfield>
      <subfield code="o">c</subfield>
      <subfield code="p">'2C,4AG/2(F)-/=6/2-4-</subfield>
      <subfield code="r">e</subfield>
      <subfield code="t">Man schweige still</subfield>
      <subfield code="2">pe</subfield>
      <subfield code="u">30608872</subfield>
      </datafield>
   <datafield tag="031" ind1=" " ind2=" ">
      <subfield code="a">1</subfield>
      <subfield code="b">4</subfield>
      <subfield code="c">1</subfield>
      <subfield code="d">3. Duett. Andante</subfield>
      <subfield code="e">Abdallah</subfield>
      <subfield code="g">F-4</subfield>
      <subfield code="m">B solo</subfield>
      <subfield code="n">bBEA</subfield>
      <subfield code="o">6/8</subfield>
      <subfield code="p">48---,,B/,4.E+4E,,8B/4.B+4B8nA/4B</subfield>
      <subfield code="r">E|b</subfield>
      <subfield code="t">So ziehe denn ins Land</subfield>
      <subfield code="2">pe</subfield>
      <subfield code="u">30608873</subfield>
      </datafield>
   <datafield tag="031" ind1=" " ind2=" ">
      <subfield code="a">1</subfield>
      <subfield code="b">5</subfield>
      <subfield code="c">1</subfield>
      <subfield code="d">4. Quintett. Grave</subfield>
      <subfield code="e">Jussuf</subfield>
      <subfield code="g">G-2</subfield>
      <subfield code="m">T solo</subfield>
      <subfield code="n">bB</subfield>
      <subfield code="o">c</subfield>
      <subfield code="p">4-/2-4-''D/2(D)-/-4-D/2(D)-/-4-</subfield>
      <subfield code="r">d</subfield>
      <subfield code="t">Hm mit scharfem Blick</subfield>
      <subfield code="2">pe</subfield>
      <subfield code="u">30608874</subfield>
      </datafield>
   <datafield tag="031" ind1=" " ind2=" ">
      <subfield code="a">1</subfield>
      <subfield code="b">6</subfield>
      <subfield code="c">1</subfield>
      <subfield code="d">5. Duett, Rezitativ und Chor. Allegro moderato</subfield>
      <subfield code="e">Jussuf</subfield>
      <subfield code="g">G-2</subfield>
      <subfield code="m">T solo</subfield>
      <subfield code="n">bBE</subfield>
      <subfield code="o">c/</subfield>
      <subfield code="p">4-'2B''4C/2D-/4-2D4E/2F4-</subfield>
      <subfield code="r">B|b</subfield>
      <subfield code="t">Auf denn auf zur Felsengrotte</subfield>
      <subfield code="2">pe</subfield>
      <subfield code="u">30608875</subfield>
      </datafield>
   <datafield tag="031" ind1=" " ind2=" ">
      <subfield code="a">1</subfield>
      <subfield code="b">7</subfield>
      <subfield code="c">1</subfield>
      <subfield code="d">Zweiter Akt / 6. Introduktion und Chor. Andantino</subfield>
      <subfield code="g">G-2</subfield>
      <subfield code="m">S coro</subfield>
      <subfield code="o">9/8</subfield>
      <subfield code="p">=16/48----'EE/''4.C'B48EE/BA4.A</subfield>
      <subfield code="r">a</subfield>
      <subfield code="t">Wenn der Mond scheint in der Abendstund'</subfield>
      <subfield code="2">pe</subfield>
      <subfield code="u">30608876</subfield>
      </datafield>
   <datafield tag="031" ind1=" " ind2=" ">
      <subfield code="a">1</subfield>
      <subfield code="b">8</subfield>
      <subfield code="c">1</subfield>
      <subfield code="d">7. Chor. Lento</subfield>
      <subfield code="e">Zabanja</subfield>
      <subfield code="g">G-2</subfield>
      <subfield code="m">S solo</subfield>
      <subfield code="n">xFCGD</subfield>
      <subfield code="o">c</subfield>
      <subfield code="p">=8//2-4-'{8.B''6E}/1E+/2(E)4-{8.nC6E}/1E+/2E4-8-</subfield>
      <subfield code="r">E</subfield>
      <subfield code="t">Hüjo die Arbeit macht uns froh</subfield>
      <subfield code="2">pe</subfield>
      <subfield code="u">30608877</subfield>
      </datafield>
   <datafield tag="031" ind1=" " ind2=" ">
      <subfield code="a">1</subfield>
      <subfield code="b">9</subfield>
      <subfield code="c">1</subfield>
      <subfield code="d">8. Solo und Chor. Vivace</subfield>
      <subfield code="e">Zabanja</subfield>
      <subfield code="g">G-2</subfield>
      <subfield code="m">S solo</subfield>
      <subfield code="n">bB</subfield>
      <subfield code="o">2/4</subfield>
      <subfield code="p">=2/8'A''C'nB''C/4F8-C/4D8DF/4C8-</subfield>
      <subfield code="r">F</subfield>
      <subfield code="t">Ha die Ohren gespitzt</subfield>
      <subfield code="2">pe</subfield>
      <subfield code="u">30608878</subfield>
      </datafield>
   <datafield tag="031" ind1=" " ind2=" ">
      <subfield code="a">1</subfield>
      <subfield code="b">10</subfield>
      <subfield code="c">1</subfield>
      <subfield code="d">9. Chor, Solo und Terzett. Andantino</subfield>
      <subfield code="g">G-2</subfield>
      <subfield code="m">S coro</subfield>
      <subfield code="n">xF</subfield>
      <subfield code="o">9/8</subfield>
      <subfield code="p">4.-/=3/4.--8'B''CD/'4.A4A8AAB''C/'4.G4G8-</subfield>
      <subfield code="r">G</subfield>
      <subfield code="t">Sieh deinen Winken willfahrende Dschinnen</subfield>
      <subfield code="2">pe</subfield>
      <subfield code="u">30608879</subfield>
      </datafield>
   <datafield tag="031" ind1=" " ind2=" ">
      <subfield code="a">1</subfield>
      <subfield code="b">11</subfield>
      <subfield code="c">1</subfield>
      <subfield code="d">Dritter Akt / 10. Introduction und Arie. Largo</subfield>
      <subfield code="e">Zabanja</subfield>
      <subfield code="g">G-2</subfield>
      <subfield code="m">S solo</subfield>
      <subfield code="n">bBEA</subfield>
      <subfield code="o">c</subfield>
      <subfield code="p">=16/''4.C'8CC-6-DFE/8DC-</subfield>
      <subfield code="r">c</subfield>
      <subfield code="t">Finsternis hat mich umfangen</subfield>
      <subfield code="2">pe</subfield>
      <subfield code="u">30608880</subfield>
      </datafield>
   <datafield tag="031" ind1=" " ind2=" ">
      <subfield code="a">1</subfield>
      <subfield code="b">12</subfield>
      <subfield code="c">1</subfield>
      <subfield code="d">11. Solo und Chor. Allegro risoluto</subfield>
      <subfield code="e">Zabanja</subfield>
      <subfield code="g">G-2</subfield>
      <subfield code="m">S solo</subfield>
      <subfield code="n">xFCGD</subfield>
      <subfield code="o">c</subfield>
      <subfield code="p">2-4-'{8.B''6E}/1E+/2(E)4-{8.nC6E}/1E+/2(E)-/=1/2-8-</subfield>
      <subfield code="r">E</subfield>
      <subfield code="t">Hüjo weich von hinnen</subfield>
      <subfield code="2">pe</subfield>
      <subfield code="u">30608881</subfield>
      </datafield>
   <datafield tag="031" ind1=" " ind2=" ">
      <subfield code="a">1</subfield>
      <subfield code="b">13</subfield>
      <subfield code="c">1</subfield>
      <subfield code="d">12. Arie. Allegro</subfield>
      <subfield code="e">Hassan</subfield>
      <subfield code="g">G-2</subfield>
      <subfield code="m">T solo</subfield>
      <subfield code="n">xFC</subfield>
      <subfield code="o">c</subfield>
      <subfield code="p">4-/=3/2-4-'A/''2D4-'F/{8GF}{GA}{BA}{B''C}/2D4-</subfield>
      <subfield code="r">D</subfield>
      <subfield code="t">Heil mir ich werde Grosswesire</subfield>
      <subfield code="2">pe</subfield>
      <subfield code="u">30608882</subfield>
      </datafield>
   <datafield tag="031" ind1=" " ind2=" ">
      <subfield code="a">1</subfield>
      <subfield code="b">14</subfield>
      <subfield code="c">1</subfield>
      <subfield code="d">13. Chor. Allegro moderato</subfield>
      <subfield code="g">G-2</subfield>
      <subfield code="m">S coro</subfield>
      <subfield code="o">2/4</subfield>
      <subfield code="p">=23/4-8-'E/''4C8C'B/4A8EE/''4ED/C8-</subfield>
      <subfield code="r">a</subfield>
      <subfield code="t">Die Jubelakkorde erschallen laut</subfield>
      <subfield code="2">pe</subfield>
      <subfield code="u">30608883</subfield>
      </datafield>
   <datafield tag="031" ind1=" " ind2=" ">
      <subfield code="a">1</subfield>
      <subfield code="b">15</subfield>
      <subfield code="c">1</subfield>
      <subfield code="d">13.a Tanz. Allegro moderato</subfield>
      <subfield code="g">G-2</subfield>
      <subfield code="m">pf</subfield>
      <subfield code="n">xF</subfield>
      <subfield code="o">2/4</subfield>
      <subfield code="p">,{866BBB}{6BBBB}/'{866BBB}6{BBBB}/</subfield>
      <subfield code="r">e</subfield>
      <subfield code="2">pe</subfield>
      <subfield code="u">30608884</subfield>
      </datafield>
   <datafield tag="031" ind1=" " ind2=" ">
      <subfield code="a">1</subfield>
      <subfield code="b">16</subfield>
      <subfield code="c">1</subfield>
      <subfield code="d">14. Ensemble. Allegro strepitoso</subfield>
      <subfield code="e">Abdallah</subfield>
      <subfield code="g">F-4</subfield>
      <subfield code="m">B solo</subfield>
      <subfield code="n">xF</subfield>
      <subfield code="o">c</subfield>
      <subfield code="p">=3/'2C,4AG/2(F)-/-4-</subfield>
      <subfield code="r">e</subfield>
      <subfield code="t">Man schweige still</subfield>
      <subfield code="2">pe</subfield>
      <subfield code="u">30608885</subfield>
      </datafield>
   <datafield tag="031" ind1=" " ind2=" ">
      <subfield code="a">1</subfield>
      <subfield code="b">17</subfield>
      <subfield code="c">1</subfield>
      <subfield code="d">15. Terzett und Schlusschor. Moderato con sentimento</subfield>
      <subfield code="e">Abdallah</subfield>
      <subfield code="g">F-4</subfield>
      <subfield code="m">B solo</subfield>
      <subfield code="n">xFCGD</subfield>
      <subfield code="o">6/4</subfield>
      <subfield code="p">=2/2-4-2-,,4B/,GEC,,2B,4E/2F4xEFGA/2.G+4G-</subfield>
      <subfield code="r">E</subfield>
      <subfield code="t">Du winktest mir mit lichtverklärter Hand</subfield>
      <subfield code="2">pe</subfield>
      <subfield code="u">30608886</subfield>
      </datafield>
   <datafield tag="041" ind1=" " ind2=" ">
      <subfield code="a">ger</subfield>
   </datafield>
   <datafield tag="100" ind1="1" ind2=" ">
      <subfield code="a">Huber, Franz</subfield>
      <subfield code="d">1865-1932</subfield>
      <subfield code="0">30017788</subfield>
   </datafield>
   <datafield tag="240" ind1="1" ind2="0">
      <subfield code="a">Die Dschinnen</subfield>
      <subfield code="k">Arr</subfield>
      <subfield code="m">V (10), Coro, orch</subfield>
      </datafield>
   <datafield tag="245" ind1="1" ind2="0">
      <subfield code="a">[title page:] Die Dschinnen | Märchen-Oper in 3 Akten | Text von | Dr. P. Augustin Benziger O. S. B. | Musik von | P. Franz Huber O. S. B. | Klavierauszug (bearbeitet vom Komponisten) | [....] | Verlag von Phil. Fries, Zürich. | [....]</subfield>
   </datafield>
   <datafield tag="300" ind1=" " ind2=" ">
      <subfield code="8">1\c</subfield>
      <subfield code="a">short score (piano score/5x): 117, 117, 117, 117, 117p.</subfield>
      <subfield code="c">27 x 19 cm</subfield>
   </datafield>
   <datafield tag="500" ind1=" " ind2=" ">
      <subfield code="a">Autographe Widmung auf der zweiten Titelseite: "Seinem verehrten Confrater, Lehrer und Freunde / P. Barnabas Held O. S. B. / in Liebe und Dankbarkeit / P. Franz Huber O. S. B."</subfield>
   </datafield>
   <datafield tag="510" ind1="1" ind2=" ">
      <subfield code="a">SchweizerKomponisten</subfield>
      </datafield>
   <datafield tag="593" ind1=" " ind2=" ">
      <subfield code="8">1\c</subfield>
      <subfield code="a">print</subfield>
   </datafield>
   <datafield tag="594" ind1=" " ind2=" ">
      <subfield code="a">S (2), A, T (3), B (3), Bariton, Sprechstimme 1, 2, 3, 4, Coro S, Coro A (2), Coro T (2), Coro B (2), pf (orch)</subfield>
   </datafield>
   <datafield tag="595" ind1="0" ind2="0">
      <subfield code="a">Abu (T)</subfield>
   </datafield>
   <datafield tag="595" ind1="0" ind2="0">
      <subfield code="a">Ali (Sprechstimme)</subfield>
   </datafield>
   <datafield tag="595" ind1="0" ind2="0">
      <subfield code="a">Ghul (Sprechstimme)</subfield>
   </datafield>
   <datafield tag="595" ind1="0" ind2="0">
      <subfield code="a">Halifa (A)</subfield>
   </datafield>
   <datafield tag="595" ind1="0" ind2="0">
      <subfield code="a">Ibrahim (B)</subfield>
   </datafield>
   <datafield tag="595" ind1="0" ind2="0">
      <subfield code="a">Ifrit (Sprechstimme)</subfield>
   </datafield>
   <datafield tag="595" ind1="0" ind2="0">
      <subfield code="a">Mudakir (Sprechstimme)</subfield>
   </datafield>
   <datafield tag="595" ind1="0" ind2="0">
      <subfield code="a">Osman (Bariton)</subfield>
   </datafield>
   <datafield tag="595" ind1="0" ind2="0">
      <subfield code="a">Raschid (B)</subfield>
   </datafield>
   <datafield tag="595" ind1="0" ind2="0">
      <subfield code="a">Silla (S)</subfield>
   </datafield>
   <datafield tag="650" ind1="0" ind2="0">
      <subfield code="a">Operas</subfield>
   </datafield>
   <datafield tag="700" ind1="1" ind2=" ">
      <subfield code="a">Huber, Franz</subfield>
      <subfield code="d">1865-1932</subfield>
      <subfield code="0">30017788</subfield>
      <subfield code="4">arr</subfield>
   </datafield>
   <datafield tag="700" ind1="1" ind2=" ">
      <subfield code="a">Benziger, Augustin</subfield>
      <subfield code="d">1870*</subfield>
      <subfield code="0">178304</subfield>
      <subfield code="4">lyr</subfield>
   </datafield>
   <datafield tag="700" ind1="1" ind2=" ">
      <subfield code="a">Held, Barnabas</subfield>
      <subfield code="0">30045651</subfield>
      <subfield code="4">dte</subfield>
   </datafield>
   <datafield tag="852" ind1=" " ind2=" ">
      <subfield code="a">CH-E</subfield>
      <subfield code="c">961,18 [piano score 1]</subfield>
      <subfield code="c">161,4 [piano score 5]; Ma 75 [piano score 2]; 142,4 [piano score 4]; 772,4 [piano score 3]</subfield>
      <subfield code="x">30000006</subfield>
   </datafield>
   </record>