
<record>
   <leader>00000cdd#a2200000###4500</leader>
   <controlfield tag="001">403007048</controlfield>
   <controlfield tag="003">RISM</controlfield>
   <controlfield tag="005">20100305111111.0</controlfield>
   <controlfield tag="008">100322|||||||||gw |||||||||||||||||ger|d</controlfield>
   <datafield tag="031" ind1=" " ind2=" ">
      <subfield code="a">1</subfield>
      <subfield code="b">1</subfield>
      <subfield code="c">1</subfield>
      <subfield code="d">Moderato</subfield>
      <subfield code="g">G-2</subfield>
      <subfield code="m">S coro</subfield>
      <subfield code="n">bB</subfield>
      <subfield code="o">c</subfield>
      <subfield code="p">=3/2-4-8-'C/''4.C'8A{A''D}{C'A}/''4.C'8B4G8-</subfield>
      <subfield code="r">F</subfield>
      <subfield code="t">Wir kommen aus dem heil'gen Land</subfield>
      <subfield code="2">pe</subfield>
      <subfield code="u">30608825</subfield>
      </datafield>
   <datafield tag="041" ind1=" " ind2=" ">
      <subfield code="a">ger</subfield>
   </datafield>
   <datafield tag="100" ind1="1" ind2=" ">
      <subfield code="a">Huber, Franz</subfield>
      <subfield code="d">1865-1932</subfield>
      <subfield code="0">30017788</subfield>
   </datafield>
   <datafield tag="240" ind1="1" ind2="0">
      <subfield code="a">Die Weihnachtsglocken</subfield>
      <subfield code="m">S (2), Coro fanciulli, orch</subfield>
      <subfield code="r">F</subfield>
   </datafield>
   <datafield tag="245" ind1="1" ind2="0">
      <subfield code="a">[score, title page:] Der Erziehungsanstalt Burg in Reb- | stein und ihrem verehrten Gründer, | Herrn Kantonsrat Jakob Rohner | in Rebstein freundschaftlich gewidmet | vom Komponisten. | Die Weihnachtsglocken | Kleine Weihnachtsszene für Kinder | gedichtet von Zyböri. | [.....] | Für zweistimmigen Kinderchor mit Klavierbegleitung | komponiert von | P. Franz Huber O. S. B. | [....] | Musikalische Verlagsanstalt Ant. Gander, Hochdorf (Schweiz)</subfield>
   </datafield>
   <datafield tag="300" ind1=" " ind2=" ">
      <subfield code="8">1\c</subfield>
      <subfield code="a">score: 8p.</subfield>
      </datafield>
   <datafield tag="300" ind1=" " ind2=" ">
      <subfield code="8">2\c</subfield>
      <subfield code="a">1 part: 2p.</subfield>
      <subfield code="c">34 x 25 cm</subfield>
   </datafield>
   <datafield tag="500" ind1=" " ind2=" ">
      <subfield code="a">Zyböri ist das Pseudonym von Theodor Bucher</subfield>
   </datafield>
   <datafield tag="500" ind1=" " ind2=" ">
      <subfield code="8">2\c</subfield>
      <subfield code="a">other parts missing</subfield>
   </datafield>
   <datafield tag="510" ind1="1" ind2=" ">
      <subfield code="a">SchweizerKomponisten</subfield>
      </datafield>
   <datafield tag="590" ind1=" " ind2=" ">
      <subfield code="8">2\c</subfield>
      <subfield code="a">Coro: S and A</subfield>
      </datafield>
   <datafield tag="593" ind1=" " ind2=" ">
      <subfield code="8">1\c</subfield>
      <subfield code="a">print</subfield>
   </datafield>
   <datafield tag="593" ind1=" " ind2=" ">
      <subfield code="8">2\c</subfield>
      <subfield code="a">print</subfield>
      </datafield>
   <datafield tag="594" ind1=" " ind2=" ">
      <subfield code="a">S (2), Coro S, Coro A, campana, pf</subfield>
   </datafield>
   <datafield tag="650" ind1="0" ind2="0">
      <subfield code="a">Scenes</subfield>
   </datafield>
   <datafield tag="700" ind1="1" ind2=" ">
      <subfield code="a">Bucher, Theodor</subfield>
      <subfield code="d">1868*</subfield>
      <subfield code="0">30026305</subfield>
      <subfield code="4">lyr</subfield>
   </datafield>
   <datafield tag="700" ind1="1" ind2=" ">
      <subfield code="a">Rohner, Jakob</subfield>
      <subfield code="0">30045648</subfield>
      <subfield code="4">dte</subfield>
   </datafield>
   <datafield tag="852" ind1=" " ind2=" ">
      <subfield code="a">CH-E</subfield>
      <subfield code="c">776,35c</subfield>
      <subfield code="x">30000006</subfield>
   </datafield>
   </record>