
<record>
   <leader>00000cdd#a2200000###4500</leader>
   <controlfield tag="001">403002479</controlfield>
   <controlfield tag="003">RISM</controlfield>
   <controlfield tag="005">20100305111111.0</controlfield>
   <controlfield tag="008">100322|||||||||gw |||||||||||||||||gsw|d</controlfield>
   <datafield tag="031" ind1=" " ind2=" ">
      <subfield code="a">1</subfield>
      <subfield code="b">1</subfield>
      <subfield code="c">1</subfield>
      <subfield code="d">Gemütlich</subfield>
      <subfield code="g">G-2</subfield>
      <subfield code="m">S coro</subfield>
      <subfield code="n">xFCG</subfield>
      <subfield code="o">3/4</subfield>
      <subfield code="p">=3//:'4.A8EGF/8.E6C4.E8-/</subfield>
      <subfield code="r">A</subfield>
      <subfield code="t">Weisch au wos am schönste isch</subfield>
      <subfield code="2">pe</subfield>
      <subfield code="u">30598177</subfield>
      </datafield>
   <datafield tag="041" ind1=" " ind2=" ">
      <subfield code="a">gsw</subfield>
   </datafield>
   <datafield tag="100" ind1="1" ind2=" ">
      <subfield code="a">Huber, Franz</subfield>
      <subfield code="d">1865-1932</subfield>
      <subfield code="0">30017788</subfield>
   </datafield>
   <datafield tag="240" ind1="1" ind2="0">
      <subfield code="a">Es Alpeliedli</subfield>
      <subfield code="m">S, Coro fanciulli, pf</subfield>
      <subfield code="r">A</subfield>
   </datafield>
   <datafield tag="245" ind1="1" ind2="0">
      <subfield code="a">[caption title:] Es Alpeliedli. | Theodor Bucher (Zyböri). | P. Franz Huber, O. S. B. | Für Sopran-Solo und 3stimmigen Kinderchor mit Klavierbegleitung.</subfield>
   </datafield>
   <datafield tag="300" ind1=" " ind2=" ">
      <subfield code="8">1\c</subfield>
      <subfield code="a">19 scores: 2, 2, 2, 2, 2, 2, 2, 2, 2, 2, 2, 2, 2, 2, 2, 2, 2, 2, 2p.</subfield>
      <subfield code="c">32 x 23,5 cm</subfield>
   </datafield>
   <datafield tag="500" ind1=" " ind2=" ">
      <subfield code="a">Keine Angaben zu Verlag und Ort</subfield>
   </datafield>
   <datafield tag="510" ind1="1" ind2=" ">
      <subfield code="a">SchweizerKomponisten</subfield>
      </datafield>
   <datafield tag="593" ind1=" " ind2=" ">
      <subfield code="8">1\c</subfield>
      <subfield code="a">print</subfield>
   </datafield>
   <datafield tag="594" ind1=" " ind2=" ">
      <subfield code="a">S, Coro S, Coro A (2), pf</subfield>
   </datafield>
   <datafield tag="650" ind1="0" ind2="0">
      <subfield code="a">Partsongs</subfield>
   </datafield>
   <datafield tag="700" ind1="1" ind2=" ">
      <subfield code="a">Bucher, Theodor</subfield>
      <subfield code="d">1868*</subfield>
      <subfield code="0">30026305</subfield>
      <subfield code="4">lyr</subfield>
   </datafield>
   <datafield tag="852" ind1=" " ind2=" ">
      <subfield code="a">CH-E</subfield>
      <subfield code="c">221,37.2 [score 1]</subfield>
      <subfield code="c">222,26a [score 2-19]</subfield>
      <subfield code="x">30000006</subfield>
   </datafield>
   </record>