
<record>
   <leader>00000cdd#a2200000###4500</leader>
   <controlfield tag="001">402013397</controlfield>
   <controlfield tag="003">RISM</controlfield>
   <controlfield tag="005">20100305111111.0</controlfield>
   <controlfield tag="008">100322|||||||||gw |||||||||||||||||ger|d</controlfield>
   <datafield tag="031" ind1=" " ind2=" ">
      <subfield code="a">1</subfield>
      <subfield code="b">1</subfield>
      <subfield code="c">1</subfield>
      <subfield code="d">1. Vorspiel. Adagio</subfield>
      <subfield code="g">F-4</subfield>
      <subfield code="m">vlc</subfield>
      <subfield code="n">bB</subfield>
      <subfield code="o">c</subfield>
      <subfield code="p">,{8.C6D}/4DA'C,A/'2DC/,A4(C)</subfield>
      <subfield code="r">F</subfield>
      <subfield code="2">pe</subfield>
      <subfield code="u">32231844</subfield>
      </datafield>
   <datafield tag="031" ind1=" " ind2=" ">
      <subfield code="a">1</subfield>
      <subfield code="b">2</subfield>
      <subfield code="c">1</subfield>
      <subfield code="d">2. Duett der Könige. Lento</subfield>
      <subfield code="e">Erster König</subfield>
      <subfield code="g">G-2</subfield>
      <subfield code="m">Bariton</subfield>
      <subfield code="n">bBEA</subfield>
      <subfield code="o">c/</subfield>
      <subfield code="p">=4/'2.B4G/2FE/4E2A4A/2AG/2.G4F/2EG/''2.C'4B/1nA/B/</subfield>
      <subfield code="r">E|b</subfield>
      <subfield code="t">Wolken spendet Glück uns wieder taut uns den Messias nieder</subfield>
      <subfield code="2">pe</subfield>
      <subfield code="u">32231845</subfield>
      </datafield>
   <datafield tag="031" ind1=" " ind2=" ">
      <subfield code="a">1</subfield>
      <subfield code="b">3</subfield>
      <subfield code="c">1</subfield>
      <subfield code="d">3. Lied des Sterndeuters. Feierlich langsam; In freiem Rhythmus</subfield>
      <subfield code="e">Sterndeuter</subfield>
      <subfield code="g">F-4</subfield>
      <subfield code="m">B solo</subfield>
      <subfield code="n">bBEA</subfield>
      <subfield code="o">3/2</subfield>
      <subfield code="p">=3/1-,2G/1E2G/1B2B/'1C,2A/1B</subfield>
      <subfield code="r">E|b</subfield>
      <subfield code="t">Was strahlt vom fernen Osten her</subfield>
      <subfield code="2">pe</subfield>
      <subfield code="u">32231846</subfield>
      </datafield>
   <datafield tag="031" ind1=" " ind2=" ">
      <subfield code="a">1</subfield>
      <subfield code="b">4</subfield>
      <subfield code="c">1</subfield>
      <subfield code="d">4. Hirtenchor. Andante</subfield>
      <subfield code="g">G-2</subfield>
      <subfield code="m">S coro</subfield>
      <subfield code="o">3/4</subfield>
      <subfield code="p">=4/4--'8.G6A/:4GE8.G6F/4ED8.E6E/4DG8.B6A/4G-</subfield>
      <subfield code="r">C</subfield>
      <subfield code="t">Wenn die Sterne Kreise ziehen an dem dunkeln Himmelszelt</subfield>
      <subfield code="2">pe</subfield>
      <subfield code="u">32231847</subfield>
      </datafield>
   <datafield tag="031" ind1=" " ind2=" ">
      <subfield code="a">1</subfield>
      <subfield code="b">5</subfield>
      <subfield code="c">1</subfield>
      <subfield code="d">5. Lied des Hirtenknaben. Moderato</subfield>
      <subfield code="e">Hirtenknabe</subfield>
      <subfield code="g">G-2</subfield>
      <subfield code="m">A solo</subfield>
      <subfield code="n">xFCGD</subfield>
      <subfield code="o">c</subfield>
      <subfield code="p">4-/1-/2-4-,B/'4.G8G4BF/2G4EE/A8AB''4C'8BA/2B4-</subfield>
      <subfield code="r">E</subfield>
      <subfield code="t">Ein Traum hat mich beglücket ich sah einen funkelnden Stern</subfield>
      <subfield code="2">pe</subfield>
      <subfield code="u">32231848</subfield>
      </datafield>
   <datafield tag="031" ind1=" " ind2=" ">
      <subfield code="a">1</subfield>
      <subfield code="b">6</subfield>
      <subfield code="c">1</subfield>
      <subfield code="d">6. Nachtgebet der Hirten.. Moderato</subfield>
      <subfield code="g">G-2</subfield>
      <subfield code="m">S coro</subfield>
      <subfield code="n">xFC</subfield>
      <subfield code="o">c</subfield>
      <subfield code="p">4-/=2/2-4-'F/4.A8A4GF/FEDA/B8AA4E8FG/2F4-</subfield>
      <subfield code="r">D</subfield>
      <subfield code="t">Schon senkt die dunkeln Flügel der schützende Engel der Nacht</subfield>
      <subfield code="2">pe</subfield>
      <subfield code="u">32231849</subfield>
      </datafield>
   <datafield tag="031" ind1=" " ind2=" ">
      <subfield code="a">1</subfield>
      <subfield code="b">7</subfield>
      <subfield code="c">1</subfield>
      <subfield code="d">7. Solo des Engels. Moderato</subfield>
      <subfield code="e">Engel</subfield>
      <subfield code="g">G-2</subfield>
      <subfield code="m">S solo</subfield>
      <subfield code="n">bB</subfield>
      <subfield code="o">6/8</subfield>
      <subfield code="p">=15/4-''8CDC'A/''4.C4C8-/4-8CDC'G/''4.C4C8-/4-8-4.C/F+4F8C/4.C4-8-/</subfield>
      <subfield code="r">F</subfield>
      <subfield code="t">Ihr Hirten alle o eilt zum Stalle zum Jesuskind</subfield>
      <subfield code="2">pe</subfield>
      <subfield code="u">32231850</subfield>
      </datafield>
   <datafield tag="031" ind1=" " ind2=" ">
      <subfield code="a">1</subfield>
      <subfield code="b">8</subfield>
      <subfield code="c">1</subfield>
      <subfield code="d">8. Hirtenchor. Freudig bewegt</subfield>
      <subfield code="g">G-2</subfield>
      <subfield code="m">S coro</subfield>
      <subfield code="n">xFCG</subfield>
      <subfield code="o">6/8</subfield>
      <subfield code="p">=5/'4E8F4E8C/4.A4E8E/''4.C+8C'BG/4.AE/4E8F4E8C/4.AE/''C+8C'BB/4.BA/</subfield>
      <subfield code="r">A</subfield>
      <subfield code="t">Sei willkommen o glückliche Kunde die uns kam aus englischem Munde</subfield>
      <subfield code="2">pe</subfield>
      <subfield code="u">32231851</subfield>
      </datafield>
   <datafield tag="031" ind1=" " ind2=" ">
      <subfield code="a">1</subfield>
      <subfield code="b">9</subfield>
      <subfield code="c">1</subfield>
      <subfield code="d">9. Solo und Chor der Engel. Allegretto</subfield>
      <subfield code="e">Engel</subfield>
      <subfield code="g">G-2</subfield>
      <subfield code="m">S solo</subfield>
      <subfield code="n">xF</subfield>
      <subfield code="o">6/8</subfield>
      <subfield code="p">=1/''8DED'BAG/4.AD/8EFG4.D/8EFG4.D/</subfield>
      <subfield code="r">G</subfield>
      <subfield code="t">Hier bei dem himmlischen Kinde Engelein fein schliesset den Reihn</subfield>
      <subfield code="2">pe</subfield>
      <subfield code="u">32231852</subfield>
      </datafield>
   <datafield tag="031" ind1=" " ind2=" ">
      <subfield code="a">1</subfield>
      <subfield code="b">10</subfield>
      <subfield code="c">1</subfield>
      <subfield code="d">10. Hirtenchor an der Krippe. Moderato</subfield>
      <subfield code="g">G-2</subfield>
      <subfield code="m">S coro</subfield>
      <subfield code="n">bBEAD</subfield>
      <subfield code="o">2/4</subfield>
      <subfield code="p">=8/'4EA/BE/''C'B/A-/''E8{DC}/'4B''8{C'A}/2B+/4B-/</subfield>
      <subfield code="r">A|b</subfield>
      <subfield code="t">Kindlein auf dem Stroh wie dein Auge lacht</subfield>
      <subfield code="2">pe</subfield>
      <subfield code="u">32231853</subfield>
      </datafield>
   <datafield tag="031" ind1=" " ind2=" ">
      <subfield code="a">1</subfield>
      <subfield code="b">11</subfield>
      <subfield code="c">1</subfield>
      <subfield code="d">11. Melodrama und Solo der Könige. Sehr langsam</subfield>
      <subfield code="g">G-2</subfield>
      <subfield code="m">pf</subfield>
      <subfield code="n">bBEA</subfield>
      <subfield code="o">c</subfield>
      <subfield code="p">,{8.B'6C}/4CGBG/''2C'B+/B4(-)</subfield>
      <subfield code="r">E|b</subfield>
      <subfield code="2">pe</subfield>
      <subfield code="u">32231854</subfield>
      </datafield>
   <datafield tag="031" ind1=" " ind2=" ">
      <subfield code="a">1</subfield>
      <subfield code="b">11</subfield>
      <subfield code="c">2</subfield>
      <subfield code="e">Erster König</subfield>
      <subfield code="m">Sprechstimme</subfield>
      <subfield code="t">Als versenkt in trübe Nacht ach mein Geist gefangen lag</subfield>
      <subfield code="u">32231855</subfield>
      </datafield>
   <datafield tag="031" ind1=" " ind2=" ">
      <subfield code="a">1</subfield>
      <subfield code="b">12</subfield>
      <subfield code="c">1</subfield>
      <subfield code="d">12. Finale. Alla breve; Lento</subfield>
      <subfield code="e">Erster König</subfield>
      <subfield code="g">G-2</subfield>
      <subfield code="m">Bariton</subfield>
      <subfield code="n">bBEA</subfield>
      <subfield code="o">c/</subfield>
      <subfield code="p">=4/'2.B4G/2FE/4E2A4A/2AG/2.G4F/2EG/''2.C'4B/1nA/B/</subfield>
      <subfield code="r">E|b</subfield>
      <subfield code="t">Himmelskind zu deinen Füssen liegt im Staub der Fürsten Macht</subfield>
      <subfield code="2">pe</subfield>
      <subfield code="u">32231856</subfield>
      </datafield>
   <datafield tag="041" ind1=" " ind2=" ">
      <subfield code="a">ger</subfield>
   </datafield>
   <datafield tag="100" ind1="1" ind2=" ">
      <subfield code="a">Huber, Franz</subfield>
      <subfield code="d">1865-1932</subfield>
      <subfield code="0">30017788</subfield>
   </datafield>
   <datafield tag="240" ind1="1" ind2="0">
      <subfield code="a">Salvator mundi</subfield>
      <subfield code="m">V (6), Coro, orch</subfield>
      <subfield code="r">F</subfield>
   </datafield>
   <datafield tag="245" ind1="1" ind2="0">
      <subfield code="a">[piano score, cover title:] WEIHNACHTS-MUSIK N|o 3 | Salvator Mundi | Ein Weihnachtsspiel | Text von Dr. P. Augustin Benziger, O. S. B. | Für Soli, gemischten Chor und | Klavier (kleines Orchester ad lib.) | komponiert von | P. FRANZ HUBER, O. S. B. | [...]</subfield>
   </datafield>
   <datafield tag="300" ind1=" " ind2=" ">
      <subfield code="8">1\c</subfield>
      <subfield code="a">short score (piano score): 12f.</subfield>
      </datafield>
   <datafield tag="300" ind1=" " ind2=" ">
      <subfield code="8">2\c</subfield>
      <subfield code="a">19 parts: 1, 1, 1, 1, 1, 1, 1, 1, 2, 2, 2, 2, 2, 2, 2, 2, 2, 2, 2f.</subfield>
      <subfield code="c">Different sizes</subfield>
   </datafield>
   <datafield tag="500" ind1=" " ind2=" ">
      <subfield code="a">orch ad libitum</subfield>
   </datafield>
   <datafield tag="500" ind1=" " ind2=" ">
      <subfield code="a">Beiliegend: Textbuch, 16f.</subfield>
   </datafield>
   <datafield tag="500" ind1=" " ind2=" ">
      <subfield code="8">2\c</subfield>
      <subfield code="a">fl 2 probably missing</subfield>
   </datafield>
   <datafield tag="510" ind1="1" ind2=" ">
      <subfield code="a">RepertoriumSarnen</subfield>
      </datafield>
   <datafield tag="590" ind1=" " ind2=" ">
      <subfield code="8">2\c</subfield>
      <subfield code="a">Solo: S (Engel) (2x), A (Hirtenknabe) (2x), T 1 (Zweiter König), T 2 (Dritter König), Bariton (Erster König), B (Sterndeuter), Coro: S (2x), A (2x), T, B, vl 1, 2, vla, vlc, fl 1</subfield>
      </datafield>
   <datafield tag="593" ind1=" " ind2=" ">
      <subfield code="8">1\c</subfield>
      <subfield code="a">print</subfield>
   </datafield>
   <datafield tag="593" ind1=" " ind2=" ">
      <subfield code="8">2\c</subfield>
      <subfield code="a">print</subfield>
      </datafield>
   <datafield tag="594" ind1=" " ind2=" ">
      <subfield code="a">S (2), A (2), T (2), B, Bariton, Coro S, Coro A, Coro T, Coro B, vl 1, vl 2, vla, vlc, fl (2), pf</subfield>
   </datafield>
   <datafield tag="595" ind1="0" ind2="0">
      <subfield code="a">Dritter König (T)</subfield>
   </datafield>
   <datafield tag="595" ind1="0" ind2="0">
      <subfield code="a">Zweiter König (T)</subfield>
   </datafield>
   <datafield tag="650" ind1="0" ind2="0">
      <subfield code="a">Festive music</subfield>
   </datafield>
   <datafield tag="700" ind1="1" ind2=" ">
      <subfield code="a">Benziger, Augustin</subfield>
      <subfield code="d">1870*</subfield>
      <subfield code="0">178304</subfield>
      <subfield code="4">lyr</subfield>
   </datafield>
   <datafield tag="730" ind1="0" ind2=" ">
      <subfield code="a">Weihnachtsspiel</subfield>
   </datafield>
   <datafield tag="852" ind1=" " ind2=" ">
      <subfield code="a">CH-SAf</subfield>
      <subfield code="c">MusSAf.Dr.116</subfield>
      <subfield code="x">30000011</subfield>
   </datafield>
   </record>