
<record>
   <leader>00000cdd#a2200000###4500</leader>
   <controlfield tag="001">403007051</controlfield>
   <controlfield tag="003">RISM</controlfield>
   <controlfield tag="005">20100305111111.0</controlfield>
   <controlfield tag="008">100322|||||||||gw |||||||||||||||||lat|d</controlfield>
   <datafield tag="031" ind1=" " ind2=" ">
      <subfield code="a">1</subfield>
      <subfield code="b">1</subfield>
      <subfield code="c">1</subfield>
      <subfield code="d">1. Vorspiel. Adagio</subfield>
      <subfield code="g">G-2</subfield>
      <subfield code="m">S 1 coro</subfield>
      <subfield code="n">bB</subfield>
      <subfield code="o">c</subfield>
      <subfield code="p">4-/=25/4'A''C'FA/''4.D8E2F/</subfield>
      <subfield code="r">F</subfield>
      <subfield code="t">Gaude Israel veniet Emmanuel</subfield>
      <subfield code="2">pe</subfield>
      <subfield code="u">30608835</subfield>
      </datafield>
   <datafield tag="031" ind1=" " ind2=" ">
      <subfield code="a">1</subfield>
      <subfield code="b">2</subfield>
      <subfield code="c">1</subfield>
      <subfield code="d">2. Duett der Könige. Lento alla breve</subfield>
      <subfield code="e">Erster König</subfield>
      <subfield code="g">G-2</subfield>
      <subfield code="m">Bariton solo</subfield>
      <subfield code="n">bBEA</subfield>
      <subfield code="o">c/</subfield>
      <subfield code="p">=4/'2.B4G/2FE/4E2A4A/2AG/</subfield>
      <subfield code="r">E|b</subfield>
      <subfield code="t">Wolken spendet Glück uns wieder</subfield>
      <subfield code="2">pe</subfield>
      <subfield code="u">30608836</subfield>
      </datafield>
   <datafield tag="031" ind1=" " ind2=" ">
      <subfield code="a">1</subfield>
      <subfield code="b">3</subfield>
      <subfield code="c">1</subfield>
      <subfield code="d">3. Lied des Sterndeuters und Quartett. In freiem Rhythmus</subfield>
      <subfield code="e">Der Sterndeuter</subfield>
      <subfield code="g">F-4</subfield>
      <subfield code="m">B solo</subfield>
      <subfield code="n">bBEA</subfield>
      <subfield code="o">3/2</subfield>
      <subfield code="p">=3/2--,G/12EG/BB/'C,A/1B</subfield>
      <subfield code="r">E|b</subfield>
      <subfield code="t">Was strahlt vom fernen Osten her</subfield>
      <subfield code="2">pe</subfield>
      <subfield code="u">30608837</subfield>
      </datafield>
   <datafield tag="031" ind1=" " ind2=" ">
      <subfield code="a">1</subfield>
      <subfield code="b">4</subfield>
      <subfield code="c">1</subfield>
      <subfield code="d">4. Hirtenchor. Andante</subfield>
      <subfield code="g">G-2</subfield>
      <subfield code="m">S coro</subfield>
      <subfield code="o">3/4</subfield>
      <subfield code="p">=4/4--'8.G6A//:4GE8.G6F/4ED</subfield>
      <subfield code="r">C</subfield>
      <subfield code="t">Wenn die Sterne Kreise ziehen</subfield>
      <subfield code="2">pe</subfield>
      <subfield code="u">30608838</subfield>
      </datafield>
   <datafield tag="031" ind1=" " ind2=" ">
      <subfield code="a">1</subfield>
      <subfield code="b">5</subfield>
      <subfield code="c">1</subfield>
      <subfield code="d">5. Lied des Hirtenknaben. Moderato</subfield>
      <subfield code="e">Hirtenknabe</subfield>
      <subfield code="g">G-2</subfield>
      <subfield code="m">A solo</subfield>
      <subfield code="n">xFCGD</subfield>
      <subfield code="o">c</subfield>
      <subfield code="p">4-/=1/2-4-,B/'4.G8G4BF/2G4E</subfield>
      <subfield code="r">E</subfield>
      <subfield code="t">Ein Traum hat mich beglücket</subfield>
      <subfield code="2">pe</subfield>
      <subfield code="u">30608839</subfield>
      </datafield>
   <datafield tag="031" ind1=" " ind2=" ">
      <subfield code="a">1</subfield>
      <subfield code="b">6</subfield>
      <subfield code="c">1</subfield>
      <subfield code="d">6. Nachtgebet der Hirten. Moderato</subfield>
      <subfield code="g">G-2</subfield>
      <subfield code="m">S coro</subfield>
      <subfield code="n">xFC</subfield>
      <subfield code="o">c</subfield>
      <subfield code="p">4-/=2/2-4-'F/4.A8A4GF/FED</subfield>
      <subfield code="r">D</subfield>
      <subfield code="t">Schon senkt die dunkeln Flügel</subfield>
      <subfield code="2">pe</subfield>
      <subfield code="u">30608840</subfield>
      </datafield>
   <datafield tag="031" ind1=" " ind2=" ">
      <subfield code="a">1</subfield>
      <subfield code="b">7</subfield>
      <subfield code="c">1</subfield>
      <subfield code="d">7. Solo des Engels. Moderato</subfield>
      <subfield code="e">Engel</subfield>
      <subfield code="g">G-2</subfield>
      <subfield code="m">S solo</subfield>
      <subfield code="n">bB</subfield>
      <subfield code="o">6/8</subfield>
      <subfield code="p">=15/4-''8CDC'A/''4.C4C8-/</subfield>
      <subfield code="r">F</subfield>
      <subfield code="t">Ihr Hirten alle</subfield>
      <subfield code="2">pe</subfield>
      <subfield code="u">30608841</subfield>
      </datafield>
   <datafield tag="031" ind1=" " ind2=" ">
      <subfield code="a">1</subfield>
      <subfield code="b">8</subfield>
      <subfield code="c">1</subfield>
      <subfield code="d">8. Hirtenchor. Freudig bewegt</subfield>
      <subfield code="g">G-2</subfield>
      <subfield code="m">S coro</subfield>
      <subfield code="n">xFCG</subfield>
      <subfield code="o">6/8</subfield>
      <subfield code="p">=5//48'EFEC/4.A4E</subfield>
      <subfield code="r">A</subfield>
      <subfield code="t">Sei willkommen</subfield>
      <subfield code="2">pe</subfield>
      <subfield code="u">30608842</subfield>
      </datafield>
   <datafield tag="031" ind1=" " ind2=" ">
      <subfield code="a">1</subfield>
      <subfield code="b">9</subfield>
      <subfield code="c">1</subfield>
      <subfield code="d">9. Solo und Chor der Engel. Allegretto</subfield>
      <subfield code="e">Engel</subfield>
      <subfield code="g">G-2</subfield>
      <subfield code="m">S solo</subfield>
      <subfield code="n">xF</subfield>
      <subfield code="o">6/8</subfield>
      <subfield code="p">=1//:''8DED'BAG/4.AD/</subfield>
      <subfield code="r">G</subfield>
      <subfield code="t">Hier bei dem himmlischen Kinde</subfield>
      <subfield code="2">pe</subfield>
      <subfield code="u">30608843</subfield>
      </datafield>
   <datafield tag="031" ind1=" " ind2=" ">
      <subfield code="a">1</subfield>
      <subfield code="b">10</subfield>
      <subfield code="c">1</subfield>
      <subfield code="d">10. Hirtenchor an der Krippe. Moderato</subfield>
      <subfield code="g">G-2</subfield>
      <subfield code="m">S coro</subfield>
      <subfield code="n">bBEAD</subfield>
      <subfield code="o">2/4</subfield>
      <subfield code="p">=8/4'EA/BE/''C'B/A-/</subfield>
      <subfield code="r">A|b</subfield>
      <subfield code="t">Kindlein auf dem Stroh</subfield>
      <subfield code="2">pe</subfield>
      <subfield code="u">30608844</subfield>
      </datafield>
   <datafield tag="031" ind1=" " ind2=" ">
      <subfield code="a">1</subfield>
      <subfield code="b">11</subfield>
      <subfield code="c">1</subfield>
      <subfield code="d">11. Melodram und Solo der Könige. Sehr langsam</subfield>
      <subfield code="g">G-2</subfield>
      <subfield code="m">pf</subfield>
      <subfield code="n">bBEA</subfield>
      <subfield code="o">c</subfield>
      <subfield code="p">,{8.B'6C}/4CGBG/''2C'B+/B4(-)</subfield>
      <subfield code="r">E|b</subfield>
      <subfield code="2">pe</subfield>
      <subfield code="u">30608845</subfield>
      </datafield>
   <datafield tag="031" ind1=" " ind2=" ">
      <subfield code="a">1</subfield>
      <subfield code="b">12</subfield>
      <subfield code="c">1</subfield>
      <subfield code="d">12. Finale. Lento</subfield>
      <subfield code="e">Erster König</subfield>
      <subfield code="g">G-2</subfield>
      <subfield code="m">Bariton solo</subfield>
      <subfield code="n">bBEA</subfield>
      <subfield code="o">c/</subfield>
      <subfield code="p">=4/'2.B4G/2FE/4E2A4A/2AG/</subfield>
      <subfield code="r">E|b</subfield>
      <subfield code="t">Himmelskind zu deinen Füssen</subfield>
      <subfield code="2">pe</subfield>
      <subfield code="u">30608846</subfield>
      </datafield>
   <datafield tag="041" ind1=" " ind2=" ">
      <subfield code="a">lat</subfield>
   </datafield>
   <datafield tag="041" ind1=" " ind2=" ">
      <subfield code="a">ger</subfield>
   </datafield>
   <datafield tag="100" ind1="1" ind2=" ">
      <subfield code="a">Huber, Franz</subfield>
      <subfield code="d">1865-1932</subfield>
      <subfield code="0">30017788</subfield>
   </datafield>
   <datafield tag="240" ind1="1" ind2="0">
      <subfield code="a">Salvator mundi</subfield>
      <subfield code="m">V (5), Coro, orch</subfield>
      </datafield>
   <datafield tag="245" ind1="1" ind2="0">
      <subfield code="a">[title page:] Weihnachtsmusik No.3 | Salvator Mundi | Ein Weihnachtsspiel | Text von Dr. P. Augustin Benziger, O. S. B. | Für Soli, gemischten Chor und | Klavier (kleines Orchester ad lib.) | komponiert von | P. Franz Huber O. S. B. | [....] | Eigentum und Verlag von M. Ochsner, Einsiedeln</subfield>
   </datafield>
   <datafield tag="300" ind1=" " ind2=" ">
      <subfield code="8">1\c</subfield>
      <subfield code="a">short score (piano score): 23p.</subfield>
      </datafield>
   <datafield tag="300" ind1=" " ind2=" ">
      <subfield code="8">2\c</subfield>
      <subfield code="a">31 parts: 2, 1, 2, 2, 1, 4, 4, 4, 4, 4, 4, 4, 4, 4, 4, 3, 3, 3, 1, 6p.</subfield>
      <subfield code="c">Different sizes</subfield>
   </datafield>
   <datafield tag="500" ind1=" " ind2=" ">
      <subfield code="a">orch ad lib.</subfield>
   </datafield>
   <datafield tag="500" ind1=" " ind2=" ">
      <subfield code="8">2\c</subfield>
      <subfield code="a">other parts missing</subfield>
   </datafield>
   <datafield tag="510" ind1="1" ind2=" ">
      <subfield code="a">SchweizerKomponisten</subfield>
      </datafield>
   <datafield tag="590" ind1=" " ind2=" ">
      <subfield code="8">2\c</subfield>
      <subfield code="a">Solo: S (Engel), A (Hirtenknabe), T 1 (Zweiter König), T 2 (Dritter König), B (Sterndeuter), Coro: S (3x), A (4x), T (4x), B (4x), vl 1 (2x), 2, vla, vlc, b, fl 1, cl 1 in C, 2 in C, cor 1 in F, pf</subfield>
      </datafield>
   <datafield tag="593" ind1=" " ind2=" ">
      <subfield code="8">1\c</subfield>
      <subfield code="a">print</subfield>
   </datafield>
   <datafield tag="593" ind1=" " ind2=" ">
      <subfield code="8">2\c</subfield>
      <subfield code="a">print</subfield>
      </datafield>
   <datafield tag="594" ind1=" " ind2=" ">
      <subfield code="a">S, A, T (2), B, Coro S, Coro A, Coro T, Coro B, vl 1, vl 2, vla, vlc, b, ob (2), cor, pf</subfield>
   </datafield>
   <datafield tag="595" ind1="0" ind2="0">
      <subfield code="a">Dritter König (T 2)</subfield>
   </datafield>
   <datafield tag="595" ind1="0" ind2="0">
      <subfield code="a">Zweiter König (T 1)</subfield>
   </datafield>
   <datafield tag="650" ind1="0" ind2="0">
      <subfield code="a">Stage music</subfield>
   </datafield>
   <datafield tag="650" ind1="0" ind2="0">
      <subfield code="a">Sacred songs</subfield>
   </datafield>
   <datafield tag="700" ind1="1" ind2=" ">
      <subfield code="a">Benziger, Augustin</subfield>
      <subfield code="d">1870*</subfield>
      <subfield code="0">178304</subfield>
      <subfield code="4">lyr</subfield>
   </datafield>
   <datafield tag="852" ind1=" " ind2=" ">
      <subfield code="a">CH-E</subfield>
      <subfield code="c">115,16</subfield>
      <subfield code="x">30000006</subfield>
   </datafield>
   </record>