
<record>
   <leader>00000cdd#a2200000###4500</leader>
   <controlfield tag="001">400108178</controlfield>
   <controlfield tag="003">RISM</controlfield>
   <controlfield tag="005">20100224111111.0</controlfield>
   <controlfield tag="008">100322s1869||||gw |||||||||||||||||lat|d</controlfield>
   <datafield tag="031" ind1=" " ind2=" ">
      <subfield code="a">1</subfield>
      <subfield code="b">1</subfield>
      <subfield code="c">1</subfield>
      <subfield code="d">Adagio</subfield>
      <subfield code="g">G-2</subfield>
      <subfield code="m">cl princ</subfield>
      <subfield code="n">bB</subfield>
      <subfield code="o">3/4</subfield>
      <subfield code="p">''2.F+/4F+{6FEGF}{EDC'B}/4B+{6BAxGA}{''8DC}/</subfield>
      <subfield code="r">F</subfield>
      <subfield code="2">pe</subfield>
      <subfield code="u">30536391</subfield>
      </datafield>
   <datafield tag="031" ind1=" " ind2=" ">
      <subfield code="a">1</subfield>
      <subfield code="b">1</subfield>
      <subfield code="c">2</subfield>
      <subfield code="g">F-4</subfield>
      <subfield code="m">B</subfield>
      <subfield code="n">bB</subfield>
      <subfield code="o">3/4</subfield>
      <subfield code="p">=4/4--,C/2A4F/8.F6E8E-4C/2B4G/8.G6F8F8-4C/'2C,4F/'4.D8,B{AG}/4FE</subfield>
      <subfield code="r">F</subfield>
      <subfield code="t">Exaudi Domine vocem meam qua clamavi ad te</subfield>
      <subfield code="2">pe</subfield>
      <subfield code="u">30536392</subfield>
      </datafield>
   <datafield tag="041" ind1=" " ind2=" ">
      <subfield code="a">lat</subfield>
   </datafield>
   <datafield tag="100" ind1="1" ind2=" ">
      <subfield code="a">Horák, Václav Emanuel</subfield>
      <subfield code="d">1800-1871</subfield>
      <subfield code="0">98994</subfield>
   </datafield>
   <datafield tag="240" ind1="1" ind2="0">
      <subfield code="a">Exaudi Domine vocem meam qua clamavi ad te</subfield>
      <subfield code="m">B, strings, cl princ</subfield>
      <subfield code="r">F</subfield>
   </datafield>
   <datafield tag="245" ind1="1" ind2="0">
      <subfield code="a">[B, title page:] |: Exaudi Domine :| | Graduale in F. | für | Basso Solo | mit Begleitung | von 2 Violin, Viola, Bass und Organo. Cello | 1 Clarinett in B. oblig. und Horn in F. | in Ermangelung des Clarinettes Violin Solo. | von | W. E. Horak. | Geschr. v. D. Herzog Chorreg. | 1869.</subfield>
   </datafield>
   <datafield tag="260" ind1=" " ind2=" ">
      <subfield code="8">1\c</subfield>
      <subfield code="c">1869 (1869)</subfield>
   </datafield>
   <datafield tag="300" ind1=" " ind2=" ">
      <subfield code="8">1\c</subfield>
      <subfield code="a">9 parts: 1, 1, 2, 2, 2, 2, 2, 1p.</subfield>
      <subfield code="c">26 (17) x 33 (25,5) cm</subfield>
   </datafield>
   <datafield tag="510" ind1="1" ind2=" ">
      <subfield code="a">RepertoriumBeromünst</subfield>
      </datafield>
   <datafield tag="590" ind1=" " ind2=" ">
      <subfield code="8">1\c</subfield>
      <subfield code="a">B, vl princ, vl 1, 2, vla, vlc and b, org and vlc, cl princ in B|b, cor in F</subfield>
   </datafield>
   <datafield tag="593" ind1=" " ind2=" ">
      <subfield code="8">1\c</subfield>
      <subfield code="a">manuscript</subfield>
   </datafield>
   <datafield tag="594" ind1=" " ind2=" ">
      <subfield code="a">B, vl 1, vl 2, vla, vlc, b, cor, cl princ, vl princ (cl princ), org, b, bc: org</subfield>
   </datafield>
   <datafield tag="650" ind1="0" ind2="0">
      <subfield code="a">Graduals</subfield>
   </datafield>
   <datafield tag="700" ind1="1" ind2=" ">
      <subfield code="8">1\c</subfield>
      <subfield code="a">Herzog, Dominik</subfield>
      <subfield code="0">30007268</subfield>
      <subfield code="4">scr</subfield>
   </datafield>
   <datafield tag="852" ind1=" " ind2=" ">
      <subfield code="a">CH-BM</subfield>
      <subfield code="c">Mus.Ms.119</subfield>
      <subfield code="x">30000005</subfield>
   </datafield>
   </record>