
<record>
   <leader>00000cdd#a2200000###4500</leader>
   <controlfield tag="001">400108179</controlfield>
   <controlfield tag="003">RISM</controlfield>
   <controlfield tag="005">20100224111111.0</controlfield>
   <controlfield tag="008">100322k18401860gw |||||||||||||||||lat|d</controlfield>
   <datafield tag="031" ind1=" " ind2=" ">
      <subfield code="a">1</subfield>
      <subfield code="b">1</subfield>
      <subfield code="c">1</subfield>
      <subfield code="d">Larghetto</subfield>
      <subfield code="g">C-3</subfield>
      <subfield code="m">A</subfield>
      <subfield code="n">bBEA</subfield>
      <subfield code="o">c/</subfield>
      <subfield code="p">=1/2-4-,4B/'4.G8F4ED/4.E,8B4B'F/G2B4B/BAGF/2G8F-</subfield>
      <subfield code="r">E|b</subfield>
      <subfield code="t">O domina per nomina</subfield>
      <subfield code="2">pe</subfield>
      <subfield code="u">30536394</subfield>
      </datafield>
   <datafield tag="041" ind1=" " ind2=" ">
      <subfield code="a">lat</subfield>
   </datafield>
   <datafield tag="100" ind1="1" ind2=" ">
      <subfield code="a">Horák, Václav Emanuel</subfield>
      <subfield code="d">1800-1871</subfield>
      <subfield code="0">98994</subfield>
   </datafield>
   <datafield tag="240" ind1="1" ind2="0">
      <subfield code="a">O Domina per nomina</subfield>
      <subfield code="m">A, strings, cl princ</subfield>
      <subfield code="r">E|b</subfield>
   </datafield>
   <datafield tag="245" ind1="1" ind2="0">
      <subfield code="a">[dust cover title:] Graduale oder Offertorium | |: Domina per nomina :| | für | Alto solo | 2 Violin, Viola, Basso et Cello | Clarinetto Solo in B. 2 Corn in Es. | von | W. E. Horak. | D. Herzog Chorreg. | valor 2 Kr.</subfield>
   </datafield>
   <datafield tag="260" ind1=" " ind2=" ">
      <subfield code="8">1\c</subfield>
      <subfield code="c">1840-1860 (19.me)</subfield>
   </datafield>
   <datafield tag="300" ind1=" " ind2=" ">
      <subfield code="8">1\c</subfield>
      <subfield code="a">9 parts: 2, 1, 1, 1, 1, 1, 1, 1, 1p.</subfield>
      <subfield code="c">Different sizes</subfield>
   </datafield>
   <datafield tag="510" ind1="1" ind2=" ">
      <subfield code="a">RepertoriumBeromünst</subfield>
      </datafield>
   <datafield tag="590" ind1=" " ind2=" ">
      <subfield code="8">1\c</subfield>
      <subfield code="a">A, vl 1, 2, vla, vlc and b, org and vlc, cl princ in B|b, cor 1, 2 in E|b</subfield>
   </datafield>
   <datafield tag="593" ind1=" " ind2=" ">
      <subfield code="8">1\c</subfield>
      <subfield code="a">manuscript</subfield>
   </datafield>
   <datafield tag="594" ind1=" " ind2=" ">
      <subfield code="a">A, vl 1, vl 2, vla, vlc, b, cor (2), cl princ, org, bc: org</subfield>
   </datafield>
   <datafield tag="650" ind1="0" ind2="0">
      <subfield code="a">Graduals</subfield>
   </datafield>
   <datafield tag="650" ind1="0" ind2="0">
      <subfield code="a">Offertories</subfield>
   </datafield>
   <datafield tag="700" ind1="1" ind2=" ">
      <subfield code="8">1\c</subfield>
      <subfield code="a">Herzog, Dominik</subfield>
      <subfield code="0">30007268</subfield>
      <subfield code="4">scr</subfield>
   </datafield>
   <datafield tag="700" ind1="1" ind2=" ">
      <subfield code="a">Herzog, Dominik</subfield>
      <subfield code="d">1877+</subfield>
      <subfield code="0">30007268</subfield>
      <subfield code="4">fmo</subfield>
   </datafield>
   <datafield tag="852" ind1=" " ind2=" ">
      <subfield code="a">CH-BM</subfield>
      <subfield code="c">Mus.Ms.120</subfield>
      <subfield code="x">30000005</subfield>
   </datafield>
   </record>