
<record>
   <leader>00000cdd#a2200000###4500</leader>
   <controlfield tag="001">400108162</controlfield>
   <controlfield tag="003">RISM</controlfield>
   <controlfield tag="005">20100309111111.0</controlfield>
   <controlfield tag="008">100322s1796||||gw |||||||||||||||||lat|d</controlfield>
   <datafield tag="031" ind1=" " ind2=" ">
      <subfield code="a">1</subfield>
      <subfield code="b">1</subfield>
      <subfield code="c">1</subfield>
      <subfield code="d">Allegro</subfield>
      <subfield code="g">C-1</subfield>
      <subfield code="m">S</subfield>
      <subfield code="o">c/</subfield>
      <subfield code="p">'4G/''C2E4D/8DC4C2-/=/2-4-E/2F4FF/2E4EE/DCC'B/''CC-</subfield>
      <subfield code="r">C</subfield>
      <subfield code="t">Ad sonos ad plausus</subfield>
      <subfield code="2">pe</subfield>
      <subfield code="u">30536334</subfield>
      </datafield>
   <datafield tag="041" ind1=" " ind2=" ">
      <subfield code="a">lat</subfield>
   </datafield>
   <datafield tag="100" ind1="1" ind2=" ">
      <subfield code="a">Holzmann, Joseph Alois</subfield>
      <subfield code="d">1762-1815</subfield>
      <subfield code="0">30001556</subfield>
   </datafield>
   <datafield tag="240" ind1="1" ind2="0">
      <subfield code="a">Ad sonos ad plausus</subfield>
      <subfield code="m">V (4), orch, org</subfield>
      <subfield code="r">C</subfield>
   </datafield>
   <datafield tag="245" ind1="1" ind2="0">
      <subfield code="a">[vla, title page:] Offertorium | Ad Sonos ad Plausus | a | Soprano Alto. | Tenore Basso. | Due Violini | Viola obligata | Due Clarini in C | et | Organo | Compose par Holzmann | Cornelii Herzog | R. chori Beronae 1801 | ad usum Chori Beronens. | dono dedit C. Hzg 1830.</subfield>
   </datafield>
   <datafield tag="260" ind1=" " ind2=" ">
      <subfield code="8">1\c</subfield>
      <subfield code="c">1796 (1796)</subfield>
   </datafield>
   <datafield tag="300" ind1=" " ind2=" ">
      <subfield code="8">1\c</subfield>
      <subfield code="a">11 parts: 4, 4, 4, 4, 4, 4, 4, 2, 3, 2, 2p.</subfield>
      <subfield code="c">Different sizes</subfield>
   </datafield>
   <datafield tag="500" ind1=" " ind2=" ">
      <subfield code="a">vl 2, Datierung am Schluss: "1796"</subfield>
   </datafield>
   <datafield tag="500" ind1=" " ind2=" ">
      <subfield code="a">vl 1 und 2, Vermerk am Schluss: "O.[mnia] A.[d] M.[aiorem] D.[ei] G.[loriam]"</subfield>
   </datafield>
   <datafield tag="500" ind1=" " ind2=" ">
      <subfield code="a">Die ersten 50 Takte der Streicher und des Basso continuo sind durchgestrichen</subfield>
   </datafield>
   <datafield tag="510" ind1="1" ind2=" ">
      <subfield code="a">RepertoriumBeromünst</subfield>
      </datafield>
   <datafield tag="590" ind1=" " ind2=" ">
      <subfield code="8">1\c</subfield>
      <subfield code="a">S, A, T, B, vl 1, 2, vla, vlne, org (= bc.fig), clno 1, 2 in C</subfield>
   </datafield>
   <datafield tag="593" ind1=" " ind2=" ">
      <subfield code="8">1\c</subfield>
      <subfield code="a">manuscript</subfield>
   </datafield>
   <datafield tag="594" ind1=" " ind2=" ">
      <subfield code="a">S, A, T, B, vl 1, vl 2, vla, b, tr (2), org, bc: org</subfield>
   </datafield>
   <datafield tag="650" ind1="0" ind2="0">
      <subfield code="a">Offertories</subfield>
   </datafield>
   <datafield tag="700" ind1="1" ind2=" ">
      <subfield code="a">Herzog, Corneille</subfield>
      <subfield code="0">30042094</subfield>
      <subfield code="4">fmo</subfield>
   </datafield>
   <datafield tag="852" ind1=" " ind2=" ">
      <subfield code="a">CH-BM</subfield>
      <subfield code="c">Mus.Ms.111</subfield>
      <subfield code="x">30000005</subfield>
   </datafield>
   </record>