
<record>
   <leader>00000cdd#a2200000###4500</leader>
   <controlfield tag="001">400108160</controlfield>
   <controlfield tag="003">RISM</controlfield>
   <controlfield tag="005">20100309111111.0</controlfield>
   <controlfield tag="008">100322s1801||||gw |||||||||||||||||lat|d</controlfield>
   <datafield tag="031" ind1=" " ind2=" ">
      <subfield code="a">1</subfield>
      <subfield code="b">1</subfield>
      <subfield code="c">1</subfield>
      <subfield code="d">Allegro non tanto</subfield>
      <subfield code="g">G-2</subfield>
      <subfield code="m">vl 1</subfield>
      <subfield code="n">bBEA</subfield>
      <subfield code="o">c/</subfield>
      <subfield code="p">'{6EFED}4E8-{,GB'E}/{6GAGxF}4G8-{,G'EG}/{6B''C'BnA}4B{8B''CDE}/{DC}'4B8-</subfield>
      <subfield code="r">E|b</subfield>
      <subfield code="2">pe</subfield>
      <subfield code="u">30536323</subfield>
      </datafield>
   <datafield tag="031" ind1=" " ind2=" ">
      <subfield code="a">1</subfield>
      <subfield code="b">1</subfield>
      <subfield code="c">2</subfield>
      <subfield code="g">C-1</subfield>
      <subfield code="m">S</subfield>
      <subfield code="n">bBEA</subfield>
      <subfield code="o">c/</subfield>
      <subfield code="p">=31/'1E/2GG/B{8B''C}{DE}/{DC}'4B2-/A4AA/2A4DD/E4-2-/</subfield>
      <subfield code="r">E|b</subfield>
      <subfield code="t">Domine Dominus noster, quam admirabile est nomen tuum</subfield>
      <subfield code="2">pe</subfield>
      <subfield code="u">30536324</subfield>
      </datafield>
   <datafield tag="041" ind1=" " ind2=" ">
      <subfield code="a">lat</subfield>
   </datafield>
   <datafield tag="100" ind1="1" ind2=" ">
      <subfield code="a">Holzmann, Joseph Alois</subfield>
      <subfield code="d">1762-1815</subfield>
      <subfield code="0">30001556</subfield>
   </datafield>
   <datafield tag="240" ind1="1" ind2="0">
      <subfield code="a">Domine Dominus noster</subfield>
      <subfield code="m">V (4), orch, org</subfield>
      <subfield code="r">E|b</subfield>
   </datafield>
   <datafield tag="245" ind1="1" ind2="0">
      <subfield code="a">[vla, title page:] Cornelij Herzog p: T. | R chori Beronæ 1801 | Ad usum chori Beronens. | dono dedit C. Hrzg. Procrtr | 1830. | Offert. Domine Deus noster | 4 Vocib et Orch | 2 Vn. | Viola obl. | Organo | 2 Oboe | 2 Corni | Di Holzmann</subfield>
   </datafield>
   <datafield tag="260" ind1=" " ind2=" ">
      <subfield code="8">1\c</subfield>
      <subfield code="c">1801 (1801)</subfield>
   </datafield>
   <datafield tag="300" ind1=" " ind2=" ">
      <subfield code="8">1\c</subfield>
      <subfield code="a">12 parts: 2, 2, 2, 2, 5, 4, 4, 3, 2, 2, 1, 1p.</subfield>
      <subfield code="c">31,5 x 23,5 cm</subfield>
   </datafield>
   <datafield tag="500" ind1=" " ind2=" ">
      <subfield code="a">Vermerk am Schluss der Instrumentalstimmen: "O.[mnia] A.[d] M.[aiorem] D.[ei]G.[loriam]"</subfield>
   </datafield>
   <datafield tag="500" ind1=" " ind2=" ">
      <subfield code="a">Corneille Herzog: 1768-1831</subfield>
   </datafield>
   <datafield tag="510" ind1="1" ind2=" ">
      <subfield code="a">RepertoriumBeromünst</subfield>
      </datafield>
   <datafield tag="590" ind1=" " ind2=" ">
      <subfield code="8">1\c</subfield>
      <subfield code="a">S, A, T, B, vl 1, 2, vla, org (= bc.fig), ob 1, 2, cor 1, 2 in E|b</subfield>
   </datafield>
   <datafield tag="593" ind1=" " ind2=" ">
      <subfield code="8">1\c</subfield>
      <subfield code="a">manuscript</subfield>
   </datafield>
   <datafield tag="594" ind1=" " ind2=" ">
      <subfield code="a">S, A, T, B, vl 1, vl 2, vla, ob (2), cor (2), org, bc: org</subfield>
   </datafield>
   <datafield tag="650" ind1="0" ind2="0">
      <subfield code="a">Offertories</subfield>
   </datafield>
   <datafield tag="700" ind1="1" ind2=" ">
      <subfield code="8">1\c</subfield>
      <subfield code="a">Herzog, Corneille</subfield>
      <subfield code="0">30042094</subfield>
      <subfield code="4">scr</subfield>
   </datafield>
   <datafield tag="700" ind1="1" ind2=" ">
      <subfield code="a">Herzog, Corneille</subfield>
      <subfield code="0">30042094</subfield>
      <subfield code="4">fmo</subfield>
   </datafield>
   <datafield tag="852" ind1=" " ind2=" ">
      <subfield code="a">CH-BM</subfield>
      <subfield code="c">Mus.Ms.109</subfield>
      <subfield code="x">30000005</subfield>
   </datafield>
   </record>