
<record>
   <leader>00000cdd#a2200000###4500</leader>
   <controlfield tag="001">400108163</controlfield>
   <controlfield tag="003">RISM</controlfield>
   <controlfield tag="005">20100309111111.0</controlfield>
   <controlfield tag="008">100322s1800||||gw |||||||||||||||||lat|d</controlfield>
   <datafield tag="031" ind1=" " ind2=" ">
      <subfield code="a">1</subfield>
      <subfield code="b">1</subfield>
      <subfield code="c">1</subfield>
      <subfield code="d">Allegro con brio</subfield>
      <subfield code="g">G-2</subfield>
      <subfield code="m">vl 1</subfield>
      <subfield code="n">xFC</subfield>
      <subfield code="o">c/</subfield>
      <subfield code="p">''4D'{6FGAF}4D''A/{8AG}{6CDEC}'4A{6CDEC}/,4A''{6CDEC}'4A</subfield>
      <subfield code="r">D</subfield>
      <subfield code="2">pe</subfield>
      <subfield code="u">30536336</subfield>
      </datafield>
   <datafield tag="031" ind1=" " ind2=" ">
      <subfield code="a">1</subfield>
      <subfield code="b">1</subfield>
      <subfield code="c">2</subfield>
      <subfield code="g">C-1</subfield>
      <subfield code="m">S coro</subfield>
      <subfield code="n">xFC</subfield>
      <subfield code="o">c/</subfield>
      <subfield code="p">=26/''2D4DD/2C4CC/2EE/4DD2-/=2/4-2A{6GFED}/4.E8F4GG/8.F6F4F2-/</subfield>
      <subfield code="r">D</subfield>
      <subfield code="t">Gloria et honore, coronasti eum Domine</subfield>
      <subfield code="2">pe</subfield>
      <subfield code="u">30536337</subfield>
      </datafield>
   <datafield tag="041" ind1=" " ind2=" ">
      <subfield code="a">lat</subfield>
   </datafield>
   <datafield tag="100" ind1="1" ind2=" ">
      <subfield code="a">Holzmann, Joseph Alois</subfield>
      <subfield code="d">1762-1815</subfield>
      <subfield code="0">30001556</subfield>
   </datafield>
   <datafield tag="240" ind1="1" ind2="0">
      <subfield code="a">Gloria et honore</subfield>
      <subfield code="m">V (4), Coro, orch, org</subfield>
      <subfield code="r">D</subfield>
   </datafield>
   <datafield tag="245" ind1="1" ind2="0">
      <subfield code="a">[S, caption title:] Ad chorum Beronensem | Offertorium | [vl 1, caption title:] Holzman | Offertorium</subfield>
   </datafield>
   <datafield tag="260" ind1=" " ind2=" ">
      <subfield code="8">1\c</subfield>
      <subfield code="c">1800 (1800p)</subfield>
   </datafield>
   <datafield tag="300" ind1=" " ind2=" ">
      <subfield code="8">1\c</subfield>
      <subfield code="a">14 parts: 3, 3, 3, 3, 3, 3, 3, 3, 3, 2, 2, 2, 2, 2p.</subfield>
      <subfield code="c">24 x 32 cm</subfield>
   </datafield>
   <datafield tag="510" ind1="1" ind2=" ">
      <subfield code="a">RepertoriumBeromünst</subfield>
      </datafield>
   <datafield tag="590" ind1=" " ind2=" ">
      <subfield code="8">1\c</subfield>
      <subfield code="a">Solo and Coro: S, A, T, B, vl 1, 2, vla, vlc, org (= bc.fig), ob 1, 2, clno 1, 2 in D, timp in D</subfield>
   </datafield>
   <datafield tag="593" ind1=" " ind2=" ">
      <subfield code="8">1\c</subfield>
      <subfield code="a">manuscript</subfield>
   </datafield>
   <datafield tag="594" ind1=" " ind2=" ">
      <subfield code="a">S, A, T, B, Coro S, Coro A, Coro T, Coro B, vl 1, vl 2, vla, vlc, ob (2), tr (2), timp, org, bc</subfield>
   </datafield>
   <datafield tag="650" ind1="0" ind2="0">
      <subfield code="a">Offertories</subfield>
   </datafield>
   <datafield tag="852" ind1=" " ind2=" ">
      <subfield code="a">CH-BM</subfield>
      <subfield code="c">Mus.Ms.112</subfield>
      <subfield code="x">30000005</subfield>
   </datafield>
   </record>