
<record>
   <leader>00000cdd#a2200000###4500</leader>
   <controlfield tag="001">402000140</controlfield>
   <controlfield tag="003">RISM</controlfield>
   <controlfield tag="005">20100715111111.0</controlfield>
   <controlfield tag="008">100716|||||||||gw |||||||||||||||||ger|d</controlfield>
   <datafield tag="031" ind1=" " ind2=" ">
      <subfield code="a">1</subfield>
      <subfield code="b">1</subfield>
      <subfield code="c">1</subfield>
      <subfield code="d">Andantino</subfield>
      <subfield code="g">G-2</subfield>
      <subfield code="m">V</subfield>
      <subfield code="n">bBEADGC</subfield>
      <subfield code="o">2/4</subfield>
      <subfield code="p">=24/4''D8ED/4.G'8B/n4G8AB/''4DC/</subfield>
      <subfield code="r">G|b</subfield>
      <subfield code="t">Wär' ich ein Stern ich wollt' ihr leuchten</subfield>
      <subfield code="2">pe</subfield>
      <subfield code="u">30571128</subfield>
      </datafield>
   <datafield tag="041" ind1=" " ind2=" ">
      <subfield code="a">ger</subfield>
   </datafield>
   <datafield tag="100" ind1="1" ind2=" ">
      <subfield code="a">Methfessel, Ernst</subfield>
      <subfield code="d">1811-1886</subfield>
      <subfield code="0">96097</subfield>
   </datafield>
   <datafield tag="240" ind1="1" ind2="0">
      <subfield code="a">An Wina</subfield>
      <subfield code="m">V, pf</subfield>
      <subfield code="n">MetM without number.2</subfield>
      <subfield code="r">G|b</subfield>
   </datafield>
   <datafield tag="245" ind1="1" ind2="0">
      <subfield code="a">Herrn J. B. Pischek | Königl. Württemb: Kammersänger | freundschaftlichst zugeeignet. | An Wina. | Gedicht von J. P. Fr. Richter | für | eine Singstimme | mit Begleitung des Pianoforte | componirt | von | Ernst Methfessel | Op. 14</subfield>
   </datafield>
   <datafield tag="300" ind1=" " ind2=" ">
      <subfield code="8">1\c</subfield>
      <subfield code="a">1 part: 7p.</subfield>
      <subfield code="c">26 x 33 cm</subfield>
   </datafield>
   <datafield tag="383" ind1=" " ind2=" ">
      <subfield code="b">op.14</subfield>
   </datafield>
   <datafield tag="510" ind1="1" ind2=" ">
      <subfield code="a">RepertoriumSchweiz</subfield>
      </datafield>
   <datafield tag="590" ind1=" " ind2=" ">
      <subfield code="8">1\c</subfield>
      <subfield code="a">V and pf</subfield>
   </datafield>
   <datafield tag="593" ind1=" " ind2=" ">
      <subfield code="8">1\c</subfield>
      <subfield code="a">print</subfield>
   </datafield>
   <datafield tag="594" ind1=" " ind2=" ">
      <subfield code="a">V, pf</subfield>
   </datafield>
   <datafield tag="650" ind1="0" ind2="0">
      <subfield code="a">Songs</subfield>
   </datafield>
   <datafield tag="700" ind1="1" ind2=" ">
      <subfield code="a">Jean Paul</subfield>
      <subfield code="d">1763-1825</subfield>
      <subfield code="0">6205</subfield>
      <subfield code="4">lyr</subfield>
   </datafield>
   <datafield tag="700" ind1="1" ind2=" ">
      <subfield code="a">Pišek, Jan Křtitel</subfield>
      <subfield code="d">1814-1873</subfield>
      <subfield code="0">30075675</subfield>
      <subfield code="4">dte</subfield>
   </datafield>
   <datafield tag="700" ind1="1" ind2=" ">
      <subfield code="a">Hunziker, Rudolf</subfield>
      <subfield code="0">30043625</subfield>
      <subfield code="4">fmo</subfield>
   </datafield>
   <datafield tag="852" ind1=" " ind2=" ">
      <subfield code="a">CH-W</subfield>
      <subfield code="c">BRH 10295</subfield>
      <subfield code="x">30000013</subfield>
   </datafield>
   </record>