
<record>
   <leader>00000cdd#a2200000###4500</leader>
   <controlfield tag="001">400109304</controlfield>
   <controlfield tag="003">RISM</controlfield>
   <controlfield tag="005">20100921111111.0</controlfield>
   <controlfield tag="008">100922|||||||||gw |||||||||||||||||lat|d</controlfield>
   <datafield tag="031" ind1=" " ind2=" ">
      <subfield code="a">1</subfield>
      <subfield code="b">1</subfield>
      <subfield code="c">1</subfield>
      <subfield code="d">Lento sostenuto; Espressivo</subfield>
      <subfield code="g">G-2</subfield>
      <subfield code="m">S 1</subfield>
      <subfield code="n">bBE</subfield>
      <subfield code="o">c</subfield>
      <subfield code="p">4-''2D+4D/D'B''C'A/B''C2D/4-DEC/D'BAB/2''D4.C'8B/2B4A-/</subfield>
      <subfield code="r">B|b</subfield>
      <subfield code="t">Tantum ergo, sacramentum</subfield>
      <subfield code="2">pe</subfield>
      <subfield code="u">32210890</subfield>
      </datafield>
   <datafield tag="041" ind1=" " ind2=" ">
      <subfield code="a">lat</subfield>
   </datafield>
   <datafield tag="100" ind1="1" ind2=" ">
      <subfield code="a">Liszt, Franz</subfield>
      <subfield code="d">1811-1886</subfield>
      <subfield code="0">107196</subfield>
   </datafield>
   <datafield tag="240" ind1="1" ind2="0">
      <subfield code="a">Tantum ergo</subfield>
      <subfield code="m">Coro femminile, org</subfield>
      <subfield code="n">RaaL 532a</subfield>
      <subfield code="r">B|b</subfield>
   </datafield>
   <datafield tag="245" ind1="1" ind2="0">
      <subfield code="a">[score, caption title:] Tantum ergo | für Sopran- und Alt-Stimmen. Dem hochwürdigen Herrn Franz Xaver Witt gewidmet von Dr. Franz v. Liszt.</subfield>
   </datafield>
   <datafield tag="300" ind1=" " ind2=" ">
      <subfield code="8">1\c</subfield>
      <subfield code="a">score: p.11-12</subfield>
      </datafield>
   <datafield tag="510" ind1="1" ind2=" ">
      <subfield code="a">WittF 1866</subfield>
      <subfield code="c">Jg.6, 1871, no.3, p.11-12</subfield>
   </datafield>
   <datafield tag="510" ind1="1" ind2=" ">
      <subfield code="a">RepertoriumBeromünst</subfield>
      </datafield>
   <datafield tag="593" ind1=" " ind2=" ">
      <subfield code="8">1\c</subfield>
      <subfield code="a">print</subfield>
   </datafield>
   <datafield tag="594" ind1=" " ind2=" ">
      <subfield code="a">Coro S (2), Coro A (2), org</subfield>
   </datafield>
   <datafield tag="650" ind1="0" ind2="0">
      <subfield code="a">Hymns</subfield>
   </datafield>
   <datafield tag="700" ind1="1" ind2=" ">
      <subfield code="a">Witt, Franz Xaver</subfield>
      <subfield code="d">1834-1888</subfield>
      <subfield code="0">142499</subfield>
      <subfield code="4">dte</subfield>
   </datafield>
   <datafield tag="773" ind1="0" ind2=" ">
      <subfield code="a">400109300</subfield>
   </datafield>
   <datafield tag="852" ind1=" " ind2=" ">
      <subfield code="a">CH-BM</subfield>
      <subfield code="c">Mus.Dr.II.75.5</subfield>
      <subfield code="x">30000005</subfield>
   </datafield>
   </record>