
<record>
   <leader>00000cdd#a2200000###4500</leader>
   <controlfield tag="001">403004805</controlfield>
   <controlfield tag="003">RISM</controlfield>
   <controlfield tag="005">20100308111111.0</controlfield>
   <controlfield tag="008">100322|||||||||gw |||||||||||||||||lat|d</controlfield>
   <datafield tag="031" ind1=" " ind2=" ">
      <subfield code="a">1</subfield>
      <subfield code="b">1</subfield>
      <subfield code="c">1</subfield>
      <subfield code="g">G-2</subfield>
      <subfield code="m">S</subfield>
      <subfield code="n">bBEA</subfield>
      <subfield code="o">c</subfield>
      <subfield code="p">'2E4GB/''2E'B/''4C'B''CD/2E-/</subfield>
      <subfield code="r">E|b</subfield>
      <subfield code="t">Veni creator spiritus, mentes tuorum visita</subfield>
      <subfield code="2">pe</subfield>
      <subfield code="u">30603478</subfield>
      </datafield>
   <datafield tag="041" ind1=" " ind2=" ">
      <subfield code="a">lat</subfield>
   </datafield>
   <datafield tag="100" ind1="1" ind2=" ">
      <subfield code="a">Hiermer, Martin</subfield>
      <subfield code="d">1820-1887</subfield>
      <subfield code="0">272209</subfield>
   </datafield>
   <datafield tag="240" ind1="1" ind2="0">
      <subfield code="a">Veni creator spiritus</subfield>
      <subfield code="k">Arr</subfield>
      <subfield code="m">Coro</subfield>
      <subfield code="r">E|b</subfield>
   </datafield>
   <datafield tag="245" ind1="1" ind2="0">
      <subfield code="a">[caption title:] 19. Veni Creator Spiritus.</subfield>
   </datafield>
   <datafield tag="300" ind1=" " ind2=" ">
      <subfield code="8">1\c</subfield>
      <subfield code="a">score: p.24-25</subfield>
      </datafield>
   <datafield tag="500" ind1=" " ind2=" ">
      <subfield code="a">Name des Komponisten im Inhaltsverzeichnis</subfield>
   </datafield>
   <datafield tag="510" ind1="1" ind2=" ">
      <subfield code="a">SchweizerKomponisten</subfield>
      </datafield>
   <datafield tag="593" ind1=" " ind2=" ">
      <subfield code="8">1\c</subfield>
      <subfield code="a">print</subfield>
   </datafield>
   <datafield tag="594" ind1=" " ind2=" ">
      <subfield code="a">Coro S, Coro A, Coro T, Coro B</subfield>
   </datafield>
   <datafield tag="650" ind1="0" ind2="0">
      <subfield code="a">Hymns</subfield>
   </datafield>
   <datafield tag="700" ind1="1" ind2=" ">
      <subfield code="a">Breitenbach, Basilius</subfield>
      <subfield code="d">1855-1920</subfield>
      <subfield code="0">30019099</subfield>
      <subfield code="4">arr</subfield>
   </datafield>
   <datafield tag="773" ind1="0" ind2=" ">
      <subfield code="a">403004786</subfield>
   </datafield>
   <datafield tag="852" ind1=" " ind2=" ">
      <subfield code="a">CH-E</subfield>
      <subfield code="c">Mw 2198</subfield>
      <subfield code="x">30000006</subfield>
   </datafield>
   </record>