
<record>
   <leader>00000cdd#a2200000###4500</leader>
   <controlfield tag="001">400104581</controlfield>
   <controlfield tag="003">RISM</controlfield>
   <controlfield tag="005">20100311111111.0</controlfield>
   <controlfield tag="008">100322|||||||||gw |||||||||||||||||ger|d</controlfield>
   <datafield tag="031" ind1=" " ind2=" ">
      <subfield code="a">1</subfield>
      <subfield code="b">1</subfield>
      <subfield code="c">1</subfield>
      <subfield code="d">Fröhlich aber nicht geschwind</subfield>
      <subfield code="g">G-2</subfield>
      <subfield code="m">T 1</subfield>
      <subfield code="n">xFCG</subfield>
      <subfield code="o">c</subfield>
      <subfield code="p">'4.A8E4A''C/'B''C2D/4.C8E{FE}{DC}/4.C'8B4B-/</subfield>
      <subfield code="r">A</subfield>
      <subfield code="t">O wie lieblich ist's im Kreis trauter Biederleute</subfield>
      <subfield code="2">pe</subfield>
      <subfield code="u">30533576</subfield>
      </datafield>
   <datafield tag="041" ind1=" " ind2=" ">
      <subfield code="a">ger</subfield>
   </datafield>
   <datafield tag="100" ind1="1" ind2=" ">
      <subfield code="a">Hoffmeister, Franz Anton</subfield>
      <subfield code="d">1754-1812</subfield>
      <subfield code="0">94981</subfield>
   </datafield>
   <datafield tag="240" ind1="1" ind2="0">
      <subfield code="a">Gesellschaftslied</subfield>
      <subfield code="k">Arr</subfield>
      <subfield code="m">Coro maschile</subfield>
      <subfield code="r">A</subfield>
   </datafield>
   <datafield tag="245" ind1="1" ind2="0">
      <subfield code="a">[caption title:] 7. Gesellschaftslied. | Franz Anton Hoffmeister.</subfield>
   </datafield>
   <datafield tag="300" ind1=" " ind2=" ">
      <subfield code="8">1\c</subfield>
      <subfield code="a">score: p.7</subfield>
      </datafield>
   <datafield tag="500" ind1=" " ind2=" ">
      <subfield code="a">Name des Textdichters am Schluss der Komposition</subfield>
   </datafield>
   <datafield tag="593" ind1=" " ind2=" ">
      <subfield code="8">1\c</subfield>
      <subfield code="a">print</subfield>
   </datafield>
   <datafield tag="594" ind1=" " ind2=" ">
      <subfield code="a">Coro T (2), Coro B (2)</subfield>
   </datafield>
   <datafield tag="650" ind1="0" ind2="0">
      <subfield code="a">Partsongs</subfield>
   </datafield>
   <datafield tag="700" ind1="1" ind2=" ">
      <subfield code="a">Erk, Ludwig Christian</subfield>
      <subfield code="d">1807-1883</subfield>
      <subfield code="0">54378</subfield>
      <subfield code="4">arr</subfield>
   </datafield>
   <datafield tag="700" ind1="1" ind2=" ">
      <subfield code="a">Jäger, Daniel</subfield>
      <subfield code="d">1762-1802</subfield>
      <subfield code="0">30027046</subfield>
      <subfield code="4">lyr</subfield>
   </datafield>
   <datafield tag="773" ind1="0" ind2=" ">
      <subfield code="a">400104574</subfield>
   </datafield>
   <datafield tag="852" ind1=" " ind2=" ">
      <subfield code="a">CH-E</subfield>
      <subfield code="c">135,32</subfield>
      <subfield code="x">30000006</subfield>
   </datafield>
   </record>