
<record>
   <leader>00000cdd#a2200000###4500</leader>
   <controlfield tag="001">400108158</controlfield>
   <controlfield tag="003">RISM</controlfield>
   <controlfield tag="005">20100309111111.0</controlfield>
   <controlfield tag="008">100322k17001799gw |||||||||||||||||lat|d</controlfield>
   <datafield tag="031" ind1=" " ind2=" ">
      <subfield code="a">1</subfield>
      <subfield code="b">1</subfield>
      <subfield code="c">1</subfield>
      <subfield code="d">Moderato</subfield>
      <subfield code="g">C-1</subfield>
      <subfield code="m">S</subfield>
      <subfield code="n">xFC</subfield>
      <subfield code="o">c</subfield>
      <subfield code="p">2-4-8-''D/8.E{3FG}8FE4F-/8.E3FG{8FE}4D-/</subfield>
      <subfield code="r">D</subfield>
      <subfield code="t">Dixit Dominus, Domino meo sede a dextris meis</subfield>
      <subfield code="2">pe</subfield>
      <subfield code="u">30536308</subfield>
      </datafield>
   <datafield tag="031" ind1=" " ind2=" ">
      <subfield code="a">1</subfield>
      <subfield code="b">2</subfield>
      <subfield code="c">1</subfield>
      <subfield code="d">Andantino</subfield>
      <subfield code="g">C-1</subfield>
      <subfield code="m">S</subfield>
      <subfield code="n">xFCG</subfield>
      <subfield code="o">3/4</subfield>
      <subfield code="p">'2A({8GAB})/i/4A''C{8EA}/{ED}{'B''D}4C/=2/</subfield>
      <subfield code="r">A</subfield>
      <subfield code="t">Confitebor, tibi Domine in toto corde meo in consilio justorum et congregatione</subfield>
      <subfield code="2">pe</subfield>
      <subfield code="u">30536309</subfield>
      </datafield>
   <datafield tag="031" ind1=" " ind2=" ">
      <subfield code="a">1</subfield>
      <subfield code="b">3</subfield>
      <subfield code="c">1</subfield>
      <subfield code="d">Allegro assai</subfield>
      <subfield code="g">C-1</subfield>
      <subfield code="m">S</subfield>
      <subfield code="n">bB</subfield>
      <subfield code="o">c</subfield>
      <subfield code="p">''2-4-{8FD}/4C'A-{''8FD}/4C'A-{''8FD}/4.C'8A4.B8G/i/4A-2-/</subfield>
      <subfield code="r">F</subfield>
      <subfield code="t">Beatus vir, qui timet Dominum</subfield>
      <subfield code="2">pe</subfield>
      <subfield code="u">30536310</subfield>
      </datafield>
   <datafield tag="031" ind1=" " ind2=" ">
      <subfield code="a">1</subfield>
      <subfield code="b">4</subfield>
      <subfield code="c">1</subfield>
      <subfield code="d">Allegro</subfield>
      <subfield code="g">C-1</subfield>
      <subfield code="m">S</subfield>
      <subfield code="n">bBEA</subfield>
      <subfield code="o">6/8</subfield>
      <subfield code="p">4-8---8'A/4G8AB-''E/4E8EDEF/4E8E4D8-/</subfield>
      <subfield code="r">E|b</subfield>
      <subfield code="t">Laudate pueri, Dominum laudate nomen Domini</subfield>
      <subfield code="2">pe</subfield>
      <subfield code="u">30536311</subfield>
      </datafield>
   <datafield tag="031" ind1=" " ind2=" ">
      <subfield code="a">1</subfield>
      <subfield code="b">5</subfield>
      <subfield code="c">1</subfield>
      <subfield code="d">Allegro assai</subfield>
      <subfield code="g">C-1</subfield>
      <subfield code="m">S</subfield>
      <subfield code="n">xFC</subfield>
      <subfield code="o">c</subfield>
      <subfield code="p">=3/2-4-8-''G/({8FED}{CDE})4D-/1D/2.D4D/4D-2-/2-4-8-G/({8FED}{CDE})4D-/</subfield>
      <subfield code="r">D</subfield>
      <subfield code="t">Magnificat, anima mea Dominum</subfield>
      <subfield code="2">pe</subfield>
      <subfield code="u">30536312</subfield>
      </datafield>
   <datafield tag="041" ind1=" " ind2=" ">
      <subfield code="a">lat</subfield>
   </datafield>
   <datafield tag="100" ind1="1" ind2=" ">
      <subfield code="a">Hoffstetter, Roman</subfield>
      <subfield code="d">1742-1815</subfield>
      <subfield code="0">30001536</subfield>
   </datafield>
   <datafield tag="240" ind1="1" ind2="0">
      <subfield code="a">Vespers</subfield>
      <subfield code="m">V (4), orch, org</subfield>
      <subfield code="n">UnvH 72.2</subfield>
      <subfield code="r">D</subfield>
   </datafield>
   <datafield tag="245" ind1="1" ind2="0">
      <subfield code="a">[dust cover title:] Vesperae | de Dominica | a | C. A. T. B. | con Due Violini | Due Clarini in D. | Due Corni in F. A. Eb. | Viola | Violone | è | Organo. | ad Chorum Beronens. | Del Sigr: Hoffstetter</subfield>
   </datafield>
   <datafield tag="260" ind1=" " ind2=" ">
      <subfield code="8">1\c</subfield>
      <subfield code="c">1700-1799 (18.sc)</subfield>
   </datafield>
   <datafield tag="300" ind1=" " ind2=" ">
      <subfield code="8">1\c</subfield>
      <subfield code="a">11 parts: 12, 12, 12, 11, 16, 15, 12, 12, 10, 4, 4p.</subfield>
      <subfield code="c">29 x 22,5 cm</subfield>
   </datafield>
   <datafield tag="500" ind1=" " ind2=" ">
      <subfield code="a">Vergleiche dieselbe Komposition in CH SAf Musikbibl.H 82 (Ms.6746)</subfield>
   </datafield>
   <datafield tag="510" ind1="1" ind2=" ">
      <subfield code="a">RepertoriumBeromünst</subfield>
      </datafield>
   <datafield tag="590" ind1=" " ind2=" ">
      <subfield code="8">1\c</subfield>
      <subfield code="a">S, A, T, B, vl 1, 2, vla, vlne, org (= bc.fig), cor 1 in A and F and E|b and clno 1 in D, cor 2 in A and F and E|b and clno 2 in D</subfield>
   </datafield>
   <datafield tag="593" ind1=" " ind2=" ">
      <subfield code="8">1\c</subfield>
      <subfield code="a">manuscript</subfield>
   </datafield>
   <datafield tag="594" ind1=" " ind2=" ">
      <subfield code="a">S, A, T, B, vl 1, vl 2, vla, b, cor (2), tr (2), org, bc: org</subfield>
   </datafield>
   <datafield tag="650" ind1="0" ind2="0">
      <subfield code="a">Vespers</subfield>
   </datafield>
   <datafield tag="852" ind1=" " ind2=" ">
      <subfield code="a">CH-BM</subfield>
      <subfield code="c">Mus.Ms.107</subfield>
      <subfield code="x">30000005</subfield>
   </datafield>
   </record>