
<record>
   <leader>00000cdd#a2200000###4500</leader>
   <controlfield tag="001">403005911</controlfield>
   <controlfield tag="003">RISM</controlfield>
   <controlfield tag="005">20100302111111.0</controlfield>
   <controlfield tag="008">100322|||||||||gw |||||||||||||||||ger|d</controlfield>
   <datafield tag="031" ind1=" " ind2=" ">
      <subfield code="a">1</subfield>
      <subfield code="b">1</subfield>
      <subfield code="c">1</subfield>
      <subfield code="d">Marschähnliches Tempo</subfield>
      <subfield code="g">G-2</subfield>
      <subfield code="m">T 1</subfield>
      <subfield code="n">bBEA</subfield>
      <subfield code="o">c</subfield>
      <subfield code="p">''4E'B4.G8F/4E{8GA}4BnB/</subfield>
      <subfield code="r">E|b</subfield>
      <subfield code="t">Wilder Schlachten Schrecken wüten</subfield>
      <subfield code="2">pe</subfield>
      <subfield code="u">30606182</subfield>
      </datafield>
   <datafield tag="041" ind1=" " ind2=" ">
      <subfield code="a">ger</subfield>
   </datafield>
   <datafield tag="100" ind1="1" ind2=" ">
      <subfield code="a">Hofmann, Hermann</subfield>
      <subfield code="d">1894-1968</subfield>
      <subfield code="0">30022441</subfield>
   </datafield>
   <datafield tag="240" ind1="1" ind2="0">
      <subfield code="a">Schweizer Grenzwacht</subfield>
      <subfield code="m">Coro maschile</subfield>
      <subfield code="r">E|b</subfield>
   </datafield>
   <datafield tag="245" ind1="1" ind2="0">
      <subfield code="a">[caption title:] Schweizer Grenzwacht. | Gedicht von E. Zahn. | H. Hofmann.</subfield>
   </datafield>
   <datafield tag="300" ind1=" " ind2=" ">
      <subfield code="8">1\c</subfield>
      <subfield code="a">score: 2p.</subfield>
      <subfield code="c">27 x 18 cm</subfield>
   </datafield>
   <datafield tag="500" ind1=" " ind2=" ">
      <subfield code="a">Angaben zu Verlag und Ort unten auf Seite 1</subfield>
   </datafield>
   <datafield tag="510" ind1="1" ind2=" ">
      <subfield code="a">SMZundSängerblatt</subfield>
      <subfield code="c">1918, no.19</subfield>
      </datafield>
   <datafield tag="593" ind1=" " ind2=" ">
      <subfield code="8">1\c</subfield>
      <subfield code="a">print</subfield>
   </datafield>
   <datafield tag="594" ind1=" " ind2=" ">
      <subfield code="a">Coro T (2), Coro B (2)</subfield>
   </datafield>
   <datafield tag="650" ind1="0" ind2="0">
      <subfield code="a">Partsongs</subfield>
   </datafield>
   <datafield tag="700" ind1="1" ind2=" ">
      <subfield code="a">Zahn, Ernst</subfield>
      <subfield code="d">1867-1952</subfield>
      <subfield code="0">95618</subfield>
      <subfield code="4">lyr</subfield>
   </datafield>
   <datafield tag="852" ind1=" " ind2=" ">
      <subfield code="a">CH-E</subfield>
      <subfield code="c">221,36.8</subfield>
      <subfield code="x">30000006</subfield>
   </datafield>
   </record>