
<record>
   <leader>00000cdd#a2200000###4500</leader>
   <controlfield tag="001">403006460</controlfield>
   <controlfield tag="003">RISM</controlfield>
   <controlfield tag="005">20100921111111.0</controlfield>
   <controlfield tag="008">100922|||||||||gw |||||||||||||||||ger|d</controlfield>
   <datafield tag="031" ind1=" " ind2=" ">
      <subfield code="a">1</subfield>
      <subfield code="b">1</subfield>
      <subfield code="c">1</subfield>
      <subfield code="d">Getragen</subfield>
      <subfield code="g">G-2</subfield>
      <subfield code="m">V 1</subfield>
      <subfield code="o">3/4</subfield>
      <subfield code="p">'4E/{8EG}4.G8E/{FA}4.A</subfield>
      <subfield code="r">C</subfield>
      <subfield code="t">Der Mensch soll nicht stolz sein</subfield>
      <subfield code="2">pe</subfield>
      <subfield code="u">30607464</subfield>
      </datafield>
   <datafield tag="041" ind1=" " ind2=" ">
      <subfield code="a">ger</subfield>
   </datafield>
   <datafield tag="100" ind1="1" ind2=" ">
      <subfield code="a">Anonymus</subfield>
      <subfield code="0">30004985</subfield>
   </datafield>
   <datafield tag="240" ind1="1" ind2="0">
      <subfield code="a">Der Mensch soll nicht stolz sein</subfield>
      <subfield code="k">Arr</subfield>
      <subfield code="m">V (2)</subfield>
      <subfield code="r">C</subfield>
   </datafield>
   <datafield tag="245" ind1="1" ind2="0">
      <subfield code="a">[caption title:] 44. Der Mensch soll nicht stolz sein.</subfield>
   </datafield>
   <datafield tag="300" ind1=" " ind2=" ">
      <subfield code="8">1\c</subfield>
      <subfield code="a">score: p.84-85</subfield>
      </datafield>
   <datafield tag="383" ind1=" " ind2=" ">
      <subfield code="b">op.24/44</subfield>
   </datafield>
   <datafield tag="500" ind1=" " ind2=" ">
      <subfield code="a">Vermerk im Inhaltsverzeichnis: "(Text nach Karl Elmar)"</subfield>
   </datafield>
   <datafield tag="510" ind1="1" ind2=" ">
      <subfield code="a">SchweizerKomponisten</subfield>
      </datafield>
   <datafield tag="593" ind1=" " ind2=" ">
      <subfield code="8">1\c</subfield>
      <subfield code="a">print</subfield>
   </datafield>
   <datafield tag="594" ind1=" " ind2=" ">
      <subfield code="a">V (2)</subfield>
   </datafield>
   <datafield tag="650" ind1="0" ind2="0">
      <subfield code="a">Folk songs</subfield>
   </datafield>
   <datafield tag="700" ind1="1" ind2=" ">
      <subfield code="a">Gassmann, Alfred Leonz</subfield>
      <subfield code="d">1876-1962</subfield>
      <subfield code="0">30015112</subfield>
      <subfield code="4">arr</subfield>
   </datafield>
   <datafield tag="700" ind1="1" ind2=" ">
      <subfield code="a">Elmar, Carl</subfield>
      <subfield code="d">1815-1888</subfield>
      <subfield code="0">139438</subfield>
      <subfield code="4">lyr</subfield>
   </datafield>
   <datafield tag="773" ind1="0" ind2=" ">
      <subfield code="a">403006417</subfield>
   </datafield>
   <datafield tag="852" ind1=" " ind2=" ">
      <subfield code="a">CH-E</subfield>
      <subfield code="c">Mw 1350</subfield>
      <subfield code="x">30000006</subfield>
   </datafield>
   </record>