
<record>
   <leader>00000cdd#a2200000###4500</leader>
   <controlfield tag="001">402010071</controlfield>
   <controlfield tag="003">RISM</controlfield>
   <controlfield tag="005">20100310111111.0</controlfield>
   <controlfield tag="008">100322s1897||||gw |||||||||||||||||ger|d</controlfield>
   <datafield tag="031" ind1=" " ind2=" ">
      <subfield code="a">1</subfield>
      <subfield code="b">1</subfield>
      <subfield code="c">1</subfield>
      <subfield code="d">In ruhigem Tempo</subfield>
      <subfield code="g">F-4</subfield>
      <subfield code="m">org</subfield>
      <subfield code="n">xF</subfield>
      <subfield code="o">c</subfield>
      <subfield code="p">,4D/C,,B,C,,A/B,CDG/FEAxG/A</subfield>
      <subfield code="r">G</subfield>
      <subfield code="2">pe</subfield>
      <subfield code="u">32228485</subfield>
      </datafield>
   <datafield tag="031" ind1=" " ind2=" ">
      <subfield code="a">1</subfield>
      <subfield code="b">1</subfield>
      <subfield code="c">2</subfield>
      <subfield code="g">G-2</subfield>
      <subfield code="m">S</subfield>
      <subfield code="n">xF</subfield>
      <subfield code="o">c</subfield>
      <subfield code="p">4-/=6/2-4-''D/C'B''C'A/B''CDD/D'AAF/AGF</subfield>
      <subfield code="r">G</subfield>
      <subfield code="t">Was Gottes Wort hat prophezeit das ist erfüllt in Herrlichkeit</subfield>
      <subfield code="2">pe</subfield>
      <subfield code="u">32228486</subfield>
      </datafield>
   <datafield tag="031" ind1=" " ind2=" ">
      <subfield code="a">1</subfield>
      <subfield code="b">2</subfield>
      <subfield code="c">1</subfield>
      <subfield code="d">Etwas bewegter</subfield>
      <subfield code="g">F-4</subfield>
      <subfield code="m">T</subfield>
      <subfield code="n">bB</subfield>
      <subfield code="o">6/4</subfield>
      <subfield code="p">=3/2-4-2-4'C/,2A4A'C,BA/2G4A2F'4F/2E4DxCD,B/2A4G2G</subfield>
      <subfield code="r">F</subfield>
      <subfield code="t">Fühlst du wie drinnen es sich regt und neu der Puls des Lebens schlägt</subfield>
      <subfield code="2">pe</subfield>
      <subfield code="u">32228487</subfield>
      </datafield>
   <datafield tag="041" ind1=" " ind2=" ">
      <subfield code="a">ger</subfield>
   </datafield>
   <datafield tag="100" ind1="1" ind2=" ">
      <subfield code="a">Hess, Carl</subfield>
      <subfield code="d">1859-1912</subfield>
      <subfield code="0">30015140</subfield>
   </datafield>
   <datafield tag="240" ind1="1" ind2="0">
      <subfield code="a">Der Weihnachtsstern</subfield>
      <subfield code="m">V (4), vla, org</subfield>
      <subfield code="r">G</subfield>
   </datafield>
   <datafield tag="245" ind1="1" ind2="0">
      <subfield code="a">[score, cover title:] Herrn Dr. jur. G. von Benoit, meinem | verehrten und lieben Orgelschüler | in herzlichster Dankbarkeit gewidmet! | Der Weihnachtsstern, | Gedicht von Dr. G. von Benoit, | für vier Solostimmen, Solo Viola und Orgel | componirt von | Carl Hess (Bern). | [added by pencil:] op. 20 | [added by blue pencil:] ! Originalmanuskript des | Autors! | [crossed out:] Bitte um sehr rasche Copie. | Correktur zu Kuhn, Bahnhof- | platz. | Gruss | Hess. | 14.VI.97</subfield>
   </datafield>
   <datafield tag="260" ind1=" " ind2=" ">
      <subfield code="8">1\c</subfield>
      <subfield code="c">1897 (1897)</subfield>
   </datafield>
   <datafield tag="260" ind1=" " ind2=" ">
      <subfield code="8">2\c</subfield>
      <subfield code="c">1897</subfield>
      </datafield>
   <datafield tag="300" ind1=" " ind2=" ">
      <subfield code="8">1\c</subfield>
      <subfield code="a">score: 14p.</subfield>
      </datafield>
   <datafield tag="300" ind1=" " ind2=" ">
      <subfield code="8">2\c</subfield>
      <subfield code="a">1 part: 2p.</subfield>
      <subfield code="c">35,5 (27) x 27 (35,5) cm</subfield>
   </datafield>
   <datafield tag="300" ind1=" " ind2=" ">
      <subfield code="8">3\c</subfield>
      <subfield code="a">score: 14p.</subfield>
      </datafield>
   <datafield tag="300" ind1=" " ind2=" ">
      <subfield code="8">4\c</subfield>
      <subfield code="a">4 short scores (vocal scores): 4, 4, 4, 4p.</subfield>
      </datafield>
   <datafield tag="300" ind1=" " ind2=" ">
      <subfield code="8">5\c</subfield>
      <subfield code="a">1 part: 2p.</subfield>
      <subfield code="c">35,5 (34) x 27 (25,5) cm</subfield>
   </datafield>
   <datafield tag="383" ind1=" " ind2=" ">
      <subfield code="b">op.20</subfield>
   </datafield>
   <datafield tag="500" ind1=" " ind2=" ">
      <subfield code="a">1. Materialschicht: Datierung am Schluss der Partitur: "11. III. 1897"</subfield>
   </datafield>
   <datafield tag="500" ind1=" " ind2=" ">
      <subfield code="a">1. Materialschicht: Datierung der vl-Stimme am Schluss: "CHR. / 5.V.1907"</subfield>
   </datafield>
   <datafield tag="500" ind1=" " ind2=" ">
      <subfield code="a">2. Materialschicht: Schreibernennung am Schluss der Partitur: "Fine / Röser / Copist."</subfield>
   </datafield>
   <datafield tag="510" ind1="1" ind2=" ">
      <subfield code="a">RepertoriumSNL</subfield>
      </datafield>
   <datafield tag="510" ind1="1" ind2=" ">
      <subfield code="a">RepertoriumSchweiz</subfield>
      </datafield>
   <datafield tag="518" ind1=" " ind2=" ">
      <subfield code="a">Date of composition: 11.3.1897</subfield>
   </datafield>
   <datafield tag="590" ind1=" " ind2=" ">
      <subfield code="8">2\c</subfield>
      <subfield code="a">vl</subfield>
      </datafield>
   <datafield tag="590" ind1=" " ind2=" ">
      <subfield code="8">5\c</subfield>
      <subfield code="a">vla</subfield>
      </datafield>
   <datafield tag="593" ind1=" " ind2=" ">
      <subfield code="8">1\c</subfield>
      <subfield code="a">autograph</subfield>
   </datafield>
   <datafield tag="593" ind1=" " ind2=" ">
      <subfield code="8">2\c</subfield>
      <subfield code="a">autograph</subfield>
      </datafield>
   <datafield tag="593" ind1=" " ind2=" ">
      <subfield code="8">3\c</subfield>
      <subfield code="a">manuscript</subfield>
      </datafield>
   <datafield tag="593" ind1=" " ind2=" ">
      <subfield code="8">4\c</subfield>
      <subfield code="a">manuscript</subfield>
      </datafield>
   <datafield tag="593" ind1=" " ind2=" ">
      <subfield code="8">5\c</subfield>
      <subfield code="a">manuscript</subfield>
      </datafield>
   <datafield tag="594" ind1=" " ind2=" ">
      <subfield code="a">S, A, T, B, vla, org</subfield>
   </datafield>
   <datafield tag="650" ind1="0" ind2="0">
      <subfield code="a">Partsongs</subfield>
   </datafield>
   <datafield tag="700" ind1="1" ind2=" ">
      <subfield code="8">3\c</subfield>
      <subfield code="a">Röser, Fritz</subfield>
      <subfield code="0">30089357</subfield>
      <subfield code="4">scr</subfield>
   </datafield>
   <datafield tag="700" ind1="1" ind2=" ">
      <subfield code="8">4\c</subfield>
      <subfield code="a">Röser, Fritz</subfield>
      <subfield code="0">30089357</subfield>
      <subfield code="4">scr</subfield>
   </datafield>
   <datafield tag="700" ind1="1" ind2=" ">
      <subfield code="8">5\c</subfield>
      <subfield code="a">Röser, Fritz</subfield>
      <subfield code="0">30089357</subfield>
      <subfield code="4">scr</subfield>
   </datafield>
   <datafield tag="700" ind1="1" ind2=" ">
      <subfield code="a">Benoit, G. von</subfield>
      <subfield code="0">30089364</subfield>
      <subfield code="4">lyr</subfield>
   </datafield>
   <datafield tag="700" ind1="1" ind2=" ">
      <subfield code="a">Benoit, G. von</subfield>
      <subfield code="0">30089365</subfield>
      <subfield code="4">dte</subfield>
   </datafield>
   <datafield tag="700" ind1="1" ind2=" ">
      <subfield code="a">Hess, Carl</subfield>
      <subfield code="d">1859-1912</subfield>
      <subfield code="0">30015140</subfield>
      <subfield code="4">fmo</subfield>
   </datafield>
   <datafield tag="852" ind1=" " ind2=" ">
      <subfield code="a">CH-BEl</subfield>
      <subfield code="c">SNL-Musik-Hess-39</subfield>
      <subfield code="x">30000004</subfield>
   </datafield>
   </record>