
<record>
   <leader>00000cdd#a2200000###4500</leader>
   <controlfield tag="001">402010056</controlfield>
   <controlfield tag="003">RISM</controlfield>
   <controlfield tag="005">20100310111111.0</controlfield>
   <controlfield tag="008">100322|||||||||gw |||||||||||||||||||||d</controlfield>
   <datafield tag="031" ind1=" " ind2=" ">
      <subfield code="a">1</subfield>
      <subfield code="b">1</subfield>
      <subfield code="c">1</subfield>
      <subfield code="d">Andantino</subfield>
      <subfield code="g">G-2</subfield>
      <subfield code="m">org</subfield>
      <subfield code="n">xFC</subfield>
      <subfield code="o">2/4</subfield>
      <subfield code="p">4-8-/=1/8-''{FCD}/'{B''GxDE}/{CD'BxG}/4A''G/FE/2C/</subfield>
      <subfield code="r">D</subfield>
      <subfield code="2">pe</subfield>
      <subfield code="u">32228452</subfield>
      </datafield>
   <datafield tag="100" ind1="1" ind2=" ">
      <subfield code="a">Hess, Carl</subfield>
      <subfield code="d">1859-1912</subfield>
      <subfield code="0">30015140</subfield>
   </datafield>
   <datafield tag="240" ind1="1" ind2="0">
      <subfield code="a">Dir will ich danken</subfield>
      <subfield code="m">org</subfield>
      <subfield code="r">D</subfield>
   </datafield>
   <datafield tag="245" ind1="1" ind2="0">
      <subfield code="a">[caption title:] N|o 17. "Dir will ich danken" | (v. Bortniansky.) | C. Hess.</subfield>
   </datafield>
   <datafield tag="300" ind1=" " ind2=" ">
      <subfield code="8">1\c</subfield>
      <subfield code="a">1 part: p.23-24</subfield>
      </datafield>
   <datafield tag="510" ind1="1" ind2=" ">
      <subfield code="a">RepertoriumSchweiz</subfield>
      </datafield>
   <datafield tag="510" ind1="1" ind2=" ">
      <subfield code="a">RepertoriumSNL</subfield>
      </datafield>
   <datafield tag="590" ind1=" " ind2=" ">
      <subfield code="8">1\c</subfield>
      <subfield code="a">org</subfield>
   </datafield>
   <datafield tag="593" ind1=" " ind2=" ">
      <subfield code="8">1\c</subfield>
      <subfield code="a">partly autograph</subfield>
   </datafield>
   <datafield tag="594" ind1=" " ind2=" ">
      <subfield code="a">org</subfield>
   </datafield>
   <datafield tag="650" ind1="0" ind2="0">
      <subfield code="a">Chorale arrangements</subfield>
   </datafield>
   <datafield tag="650" ind1="0" ind2="0">
      <subfield code="a">Keyboard pieces</subfield>
   </datafield>
   <datafield tag="700" ind1="1" ind2=" ">
      <subfield code="a">Bortnjanskij, Dmitrij Stepanovič</subfield>
      <subfield code="d">1751-1825</subfield>
      <subfield code="0">30000441</subfield>
      <subfield code="4">cmp</subfield>
   </datafield>
   <datafield tag="700" ind1="1" ind2=" ">
      <subfield code="a">Hess, Carl</subfield>
      <subfield code="d">1859-1912</subfield>
      <subfield code="0">30015140</subfield>
      <subfield code="4">fmo</subfield>
   </datafield>
   <datafield tag="773" ind1="0" ind2=" ">
      <subfield code="a">402010039</subfield>
   </datafield>
   <datafield tag="852" ind1=" " ind2=" ">
      <subfield code="a">CH-BEl</subfield>
      <subfield code="c">SNL-Musik-Hess-29</subfield>
      <subfield code="x">30000004</subfield>
   </datafield>
   </record>