
<record>
   <leader>00000cdd#a2200000###4500</leader>
   <controlfield tag="001">402010057</controlfield>
   <controlfield tag="003">RISM</controlfield>
   <controlfield tag="005">20100310111111.0</controlfield>
   <controlfield tag="008">100322s1900||||gw |||||||||||||||||||||d</controlfield>
   <datafield tag="031" ind1=" " ind2=" ">
      <subfield code="a">1</subfield>
      <subfield code="b">1</subfield>
      <subfield code="c">1</subfield>
      <subfield code="d">Pfiff.</subfield>
      <subfield code="g">G-2</subfield>
      <subfield code="m">vl</subfield>
      <subfield code="n">xF</subfield>
      <subfield code="o">3/4</subfield>
      <subfield code="p">''4D'8{B''CD'B}/2G4-/''4G8{EFGE}/2C4-/'4A8{FGAD}/4GB''D/C'AF/8{GFGA}4B/</subfield>
      <subfield code="r">G</subfield>
      <subfield code="2">pe</subfield>
      <subfield code="u">32228454</subfield>
      </datafield>
   <datafield tag="031" ind1=" " ind2=" ">
      <subfield code="a">1</subfield>
      <subfield code="b">2</subfield>
      <subfield code="c">1</subfield>
      <subfield code="d">Stosst an! Zofingia lebe!. Moderato</subfield>
      <subfield code="g">G-2</subfield>
      <subfield code="m">vl</subfield>
      <subfield code="o">6/8</subfield>
      <subfield code="p">''4C8C{8.E6D8C}/4D8GG-6{FD}/4.E4-'8G/''4C8C{8.E6D8C}/4D8GG-6{FD}/4.E4-</subfield>
      <subfield code="r">C</subfield>
      <subfield code="2">pe</subfield>
      <subfield code="u">32228455</subfield>
      </datafield>
   <datafield tag="100" ind1="1" ind2=" ">
      <subfield code="a">Hess, Carl</subfield>
      <subfield code="d">1859-1912</subfield>
      <subfield code="0">30015140</subfield>
   </datafield>
   <datafield tag="240" ind1="1" ind2="0">
      <subfield code="a">Fahrendes Volk</subfield>
      <subfield code="m">orch, pf</subfield>
      <subfield code="r">G</subfield>
   </datafield>
   <datafield tag="245" ind1="1" ind2="0">
      <subfield code="a">[cover title:] Kopie der Handschriftl. | Original-Partitur. | CHR. | "Fahrendes Volk" | Lieder-Potpourri | von | Carl Hess. | [By Hess-Rüetschi:] Der Sektion Bern des Zofinger Vereins in | Freundschaft gewidmet vom Componisten. | "Tobinia vivat crescat floreatque in aeternum!" | Bern Februar 1900</subfield>
   </datafield>
   <datafield tag="260" ind1=" " ind2=" ">
      <subfield code="8">1\c</subfield>
      <subfield code="c">1900 (1900c)</subfield>
   </datafield>
   <datafield tag="260" ind1=" " ind2=" ">
      <subfield code="8">2\c</subfield>
      <subfield code="c">1900</subfield>
      </datafield>
   <datafield tag="300" ind1=" " ind2=" ">
      <subfield code="8">1\c</subfield>
      <subfield code="a">score: 26p.</subfield>
      </datafield>
   <datafield tag="300" ind1=" " ind2=" ">
      <subfield code="8">2\c</subfield>
      <subfield code="a">1 part: 8p.</subfield>
      <subfield code="c">35 (34) x 28 (25,5) cm</subfield>
   </datafield>
   <datafield tag="500" ind1=" " ind2=" ">
      <subfield code="a">Von der Partitur fehlt die letzte Seite</subfield>
   </datafield>
   <datafield tag="500" ind1=" " ind2=" ">
      <subfield code="8">2\c</subfield>
      <subfield code="a">Other parts missing</subfield>
   </datafield>
   <datafield tag="510" ind1="1" ind2=" ">
      <subfield code="a">RepertoriumSNL</subfield>
      </datafield>
   <datafield tag="510" ind1="1" ind2=" ">
      <subfield code="a">RepertoriumSchweiz</subfield>
      </datafield>
   <datafield tag="590" ind1=" " ind2=" ">
      <subfield code="8">2\c</subfield>
      <subfield code="a">pf</subfield>
      </datafield>
   <datafield tag="593" ind1=" " ind2=" ">
      <subfield code="8">1\c</subfield>
      <subfield code="a">partly autograph</subfield>
   </datafield>
   <datafield tag="593" ind1=" " ind2=" ">
      <subfield code="8">2\c</subfield>
      <subfield code="a">partly autograph</subfield>
      </datafield>
   <datafield tag="594" ind1=" " ind2=" ">
      <subfield code="a">vl 1, vl 2, vlc, fl (2), pf</subfield>
   </datafield>
   <datafield tag="650" ind1="0" ind2="0">
      <subfield code="a">Instrumental pieces</subfield>
   </datafield>
   <datafield tag="650" ind1="0" ind2="0">
      <subfield code="a">Potpourris</subfield>
   </datafield>
   <datafield tag="700" ind1="1" ind2=" ">
      <subfield code="8">1\c</subfield>
      <subfield code="a">Röser, Fritz</subfield>
      <subfield code="0">30089357</subfield>
      <subfield code="4">scr</subfield>
   </datafield>
   <datafield tag="700" ind1="1" ind2=" ">
      <subfield code="a">Zofingia Bern</subfield>
      <subfield code="0">30089361</subfield>
      <subfield code="4">dte</subfield>
   </datafield>
   <datafield tag="700" ind1="1" ind2=" ">
      <subfield code="a">Hess, Carl</subfield>
      <subfield code="d">1859-1912</subfield>
      <subfield code="0">30015140</subfield>
      <subfield code="4">fmo</subfield>
   </datafield>
   <datafield tag="852" ind1=" " ind2=" ">
      <subfield code="a">CH-BEl</subfield>
      <subfield code="c">SNL-Musik-Hess-30</subfield>
      <subfield code="x">30000004</subfield>
   </datafield>
   </record>