
<record>
   <leader>00000cdd#a2200000###4500</leader>
   <controlfield tag="001">402009993</controlfield>
   <controlfield tag="003">RISM</controlfield>
   <controlfield tag="005">20100310111111.0</controlfield>
   <controlfield tag="008">100322|||||||||gw |||||||||||||||||ger|d</controlfield>
   <datafield tag="031" ind1=" " ind2=" ">
      <subfield code="a">1</subfield>
      <subfield code="b">1</subfield>
      <subfield code="c">1</subfield>
      <subfield code="d">Frisch und belebt</subfield>
      <subfield code="g">G-2</subfield>
      <subfield code="m">vl 1</subfield>
      <subfield code="n">bBE</subfield>
      <subfield code="o">2/4</subfield>
      <subfield code="p">''4F8{DE}/{FD}'4B/''G8{EF}/{GE}'4B/''8{AFGA}/{B'''CDnE}/{FG}4F/</subfield>
      <subfield code="r">B|b</subfield>
      <subfield code="2">pe</subfield>
      <subfield code="u">32228316</subfield>
      </datafield>
   <datafield tag="031" ind1=" " ind2=" ">
      <subfield code="a">1</subfield>
      <subfield code="b">1</subfield>
      <subfield code="c">2</subfield>
      <subfield code="g">G-2</subfield>
      <subfield code="m">T</subfield>
      <subfield code="n">bBE</subfield>
      <subfield code="o">2/4</subfield>
      <subfield code="p">=8/'4F8{DE}/4.F8F/{GAB}G/{GF}4F/,4.B8B/'4DF/B''D/2C/</subfield>
      <subfield code="r">B|b</subfield>
      <subfield code="t">Fragt ihr was die Farben sollen rot und weiss und goldner Schein</subfield>
      <subfield code="2">pe</subfield>
      <subfield code="u">32228317</subfield>
      </datafield>
   <datafield tag="041" ind1=" " ind2=" ">
      <subfield code="a">ger</subfield>
   </datafield>
   <datafield tag="100" ind1="1" ind2=" ">
      <subfield code="a">Hess, Carl</subfield>
      <subfield code="d">1859-1912</subfield>
      <subfield code="0">30015140</subfield>
   </datafield>
   <datafield tag="240" ind1="1" ind2="0">
      <subfield code="a">Farbenkantus</subfield>
      <subfield code="k">Arr</subfield>
      <subfield code="m">Coro maschile, orch, pf</subfield>
      <subfield code="r">B|b</subfield>
   </datafield>
   <datafield tag="245" ind1="1" ind2="0">
      <subfield code="a">[caption title:] Farbenkantus. Volkslied, instr. v. Carl Hess.</subfield>
   </datafield>
   <datafield tag="300" ind1=" " ind2=" ">
      <subfield code="8">1\c</subfield>
      <subfield code="a">score: 4p.</subfield>
      <subfield code="c">35,5 x 27 cm</subfield>
   </datafield>
   <datafield tag="300" ind1=" " ind2=" ">
      <subfield code="8">2\c</subfield>
      <subfield code="a">1 part: 2p.</subfield>
      <subfield code="c">34 x 25,5 cm</subfield>
   </datafield>
   <datafield tag="500" ind1=" " ind2=" ">
      <subfield code="a">Datierung am Schluss der Partitur: "C. H. R. 28. XII. 1909"</subfield>
   </datafield>
   <datafield tag="500" ind1=" " ind2=" ">
      <subfield code="a">Materialschicht 2: Zusammengebunden mit "Wenn am Walde die Rosen blüh'n"</subfield>
   </datafield>
   <datafield tag="500" ind1=" " ind2=" ">
      <subfield code="a">s. CH BEl SNL-Musik-Heß-6</subfield>
   </datafield>
   <datafield tag="500" ind1=" " ind2=" ">
      <subfield code="8">2\c</subfield>
      <subfield code="a">other parts missing</subfield>
   </datafield>
   <datafield tag="510" ind1="1" ind2=" ">
      <subfield code="a">RepertoriumSNL</subfield>
      </datafield>
   <datafield tag="510" ind1="1" ind2=" ">
      <subfield code="a">RepertoriumSchweiz</subfield>
      </datafield>
   <datafield tag="518" ind1=" " ind2=" ">
      <subfield code="a">Date of composition: 28.12.1909</subfield>
   </datafield>
   <datafield tag="590" ind1=" " ind2=" ">
      <subfield code="8">2\c</subfield>
      <subfield code="a">pf</subfield>
      </datafield>
   <datafield tag="593" ind1=" " ind2=" ">
      <subfield code="8">1\c</subfield>
      <subfield code="a">autograph</subfield>
   </datafield>
   <datafield tag="593" ind1=" " ind2=" ">
      <subfield code="8">2\c</subfield>
      <subfield code="a">manuscript</subfield>
      </datafield>
   <datafield tag="594" ind1=" " ind2=" ">
      <subfield code="a">Coro T, Coro B, vl 1, vl 2, vla, vlc, fl, pf</subfield>
   </datafield>
   <datafield tag="650" ind1="0" ind2="0">
      <subfield code="a">Folk songs</subfield>
   </datafield>
   <datafield tag="700" ind1="1" ind2=" ">
      <subfield code="a">Hess, Carl</subfield>
      <subfield code="d">1859-1912</subfield>
      <subfield code="0">30015140</subfield>
      <subfield code="4">fmo</subfield>
   </datafield>
   <datafield tag="852" ind1=" " ind2=" ">
      <subfield code="a">CH-BEl</subfield>
      <subfield code="c">SNL-Musik-Hess-5</subfield>
      <subfield code="x">30000004</subfield>
   </datafield>
   </record>