
<record>
   <leader>00000cdd#a2200000###4500</leader>
   <controlfield tag="001">402009991</controlfield>
   <controlfield tag="003">RISM</controlfield>
   <controlfield tag="005">20100310111111.0</controlfield>
   <controlfield tag="008">100322|||||||||gw |||||||||||||||||ger|d</controlfield>
   <datafield tag="031" ind1=" " ind2=" ">
      <subfield code="a">1</subfield>
      <subfield code="b">1</subfield>
      <subfield code="c">1</subfield>
      <subfield code="d">Nr. I. Allegro moderato</subfield>
      <subfield code="g">F-4</subfield>
      <subfield code="m">vlc</subfield>
      <subfield code="n">xFC</subfield>
      <subfield code="o">c/</subfield>
      <subfield code="p">=3/,,4G2C4-/6{FFFF}{FFFF}{FFFF}{FFFF}/2.F4-/6{FFFF}{FFFF}{FFFF}{FFFF}/4G2xA4-/</subfield>
      <subfield code="r">D</subfield>
      <subfield code="2">pe</subfield>
      <subfield code="u">32228301</subfield>
      </datafield>
   <datafield tag="031" ind1=" " ind2=" ">
      <subfield code="a">1</subfield>
      <subfield code="b">2</subfield>
      <subfield code="c">1</subfield>
      <subfield code="d">Nr. II. Lento</subfield>
      <subfield code="g">G-2</subfield>
      <subfield code="m">T 1</subfield>
      <subfield code="n">xFC</subfield>
      <subfield code="o">c</subfield>
      <subfield code="p">=1/2-4-'F/BAF8({DE}G)/4AGED/4.C8xE4xG''C/2.D4-/</subfield>
      <subfield code="r">D</subfield>
      <subfield code="t">Aus Norden von dem Meere steigt schwarz herauf die Nacht</subfield>
      <subfield code="2">pe</subfield>
      <subfield code="u">32228302</subfield>
      </datafield>
   <datafield tag="031" ind1=" " ind2=" ">
      <subfield code="a">1</subfield>
      <subfield code="b">3</subfield>
      <subfield code="c">1</subfield>
      <subfield code="d">Nr. III. Adagio</subfield>
      <subfield code="e">Harald</subfield>
      <subfield code="g">F-4</subfield>
      <subfield code="m">Bariton</subfield>
      <subfield code="n">bBE</subfield>
      <subfield code="o">c</subfield>
      <subfield code="p">=6/2-4-,F/2.B4B/2A4GA/2B'4E+8{(EDC)}/,4B--</subfield>
      <subfield code="r">B|b</subfield>
      <subfield code="t">Fahr wohl du grüne Insel</subfield>
      <subfield code="2">pe</subfield>
      <subfield code="u">32228303</subfield>
      </datafield>
   <datafield tag="031" ind1=" " ind2=" ">
      <subfield code="a">1</subfield>
      <subfield code="b">4</subfield>
      <subfield code="c">1</subfield>
      <subfield code="d">Nr. IV / [attacca]. Andante</subfield>
      <subfield code="e">Harald</subfield>
      <subfield code="g">F-4</subfield>
      <subfield code="m">Bariton</subfield>
      <subfield code="n">bB</subfield>
      <subfield code="o">6/4</subfield>
      <subfield code="p">,{8.C6A}/2.A4-AA/'2.D2C4C/2C4E2D4C/,2.nB2bB4A/2.G+4GGxG/2.A+4A--/</subfield>
      <subfield code="r">F</subfield>
      <subfield code="t">Weh schon im ersten Fluge sinkt so der junge Aar</subfield>
      <subfield code="2">pe</subfield>
      <subfield code="u">32228304</subfield>
      </datafield>
   <datafield tag="031" ind1=" " ind2=" ">
      <subfield code="a">1</subfield>
      <subfield code="b">5</subfield>
      <subfield code="c">1</subfield>
      <subfield code="d">Nr. V / [attacca]. Allegro</subfield>
      <subfield code="g">G-2</subfield>
      <subfield code="m">T 1</subfield>
      <subfield code="n">xFCG</subfield>
      <subfield code="o">3/4</subfield>
      <subfield code="p">'4E/2E4E/2E4E/:''CC-/2-4C/2D4D/'2B4B/''2C4-/</subfield>
      <subfield code="r">A</subfield>
      <subfield code="t">Die alten Augen glühen es fliegt das graue Haar</subfield>
      <subfield code="2">pe</subfield>
      <subfield code="u">32228305</subfield>
      </datafield>
   <datafield tag="031" ind1=" " ind2=" ">
      <subfield code="a">1</subfield>
      <subfield code="b">6</subfield>
      <subfield code="c">1</subfield>
      <subfield code="d">Nr. VI / [attacca]. 4</subfield>
      <subfield code="g">G-2</subfield>
      <subfield code="m">T 1</subfield>
      <subfield code="n">bBEADGCF</subfield>
      <subfield code="o">3/2</subfield>
      <subfield code="p">''2B//:1C2E/'2.B''4C2D/1.E/'2A-4AB/''1C2C/1nF2nD/1.E+/2E-'B://</subfield>
      <subfield code="r">a|b</subfield>
      <subfield code="t">Und hohe Wellen fassen das Fahrzeug wie es zieht</subfield>
      <subfield code="2">pe</subfield>
      <subfield code="u">32228306</subfield>
      </datafield>
   <datafield tag="041" ind1=" " ind2=" ">
      <subfield code="a">ger</subfield>
   </datafield>
   <datafield tag="100" ind1="1" ind2=" ">
      <subfield code="a">Hess, Carl</subfield>
      <subfield code="d">1859-1912</subfield>
      <subfield code="0">30015140</subfield>
   </datafield>
   <datafield tag="240" ind1="1" ind2="0">
      <subfield code="a">Harald</subfield>
      <subfield code="m">Bariton, Coro maschile, orch</subfield>
      </datafield>
   <datafield tag="245" ind1="1" ind2="0">
      <subfield code="a">[score, caption title:] "Harald", Dichtung von Wolfg. Müller Königswinter, für Baryton-Solo, Männerchor | und grosses Orchester componirt von | Carl Hess-R. | Bern</subfield>
   </datafield>
   <datafield tag="300" ind1=" " ind2=" ">
      <subfield code="8">1\c</subfield>
      <subfield code="a">score: 98p.</subfield>
      <subfield code="c">35 x 26,5 cm</subfield>
   </datafield>
   <datafield tag="300" ind1=" " ind2=" ">
      <subfield code="8">2\c</subfield>
      <subfield code="a">33 parts: 10, 10, 10, 10, 9, 9, 9, 9, 9, 9, 9, 9, 9, 9, 3, 6, 6, 6, 6, 7, 6, 6, 6, 6, 5, 5, 4, 4, 4, 4, 4, 4, 4p.</subfield>
      <subfield code="c">34,5 x 26 cm</subfield>
   </datafield>
   <datafield tag="300" ind1=" " ind2=" ">
      <subfield code="8">3\c</subfield>
      <subfield code="a">1 part: 4p.</subfield>
      <subfield code="c">27 x 18 cm</subfield>
   </datafield>
   <datafield tag="500" ind1=" " ind2=" ">
      <subfield code="a">Beiliegend: 5 Seiten einer Partitur-Skizze</subfield>
   </datafield>
   <datafield tag="510" ind1="1" ind2=" ">
      <subfield code="a">RepertoriumSNL</subfield>
      </datafield>
   <datafield tag="510" ind1="1" ind2=" ">
      <subfield code="a">RepertoriumSchweiz</subfield>
      </datafield>
   <datafield tag="590" ind1=" " ind2=" ">
      <subfield code="8">2\c</subfield>
      <subfield code="a">vl 1 (4x), vl 2 (4x), vla (3x), vlc (2x), cb, fl.picc, fl 1, 2, ob 1, 2, cl 1, 2 in A, fag 1, 2, cor 1, 2, 3, 4 in F, tr 1, 2 in C, trb 1, 2, 3, timp in F|x and A and B</subfield>
      </datafield>
   <datafield tag="590" ind1=" " ind2=" ">
      <subfield code="8">3\c</subfield>
      <subfield code="a">Bariton</subfield>
      </datafield>
   <datafield tag="593" ind1=" " ind2=" ">
      <subfield code="8">1\c</subfield>
      <subfield code="a">autograph</subfield>
   </datafield>
   <datafield tag="593" ind1=" " ind2=" ">
      <subfield code="8">2\c</subfield>
      <subfield code="a">manuscript</subfield>
      </datafield>
   <datafield tag="593" ind1=" " ind2=" ">
      <subfield code="8">3\c</subfield>
      <subfield code="a">manuscript</subfield>
      </datafield>
   <datafield tag="594" ind1=" " ind2=" ">
      <subfield code="a">Bariton, Coro T (2), Coro B (2), vl 1, vl 2, vla, vlc, b, fl (2), ob (2), cl (2), fag (2), cor (4), tr (2), trb (3), fl.picc, timp</subfield>
   </datafield>
   <datafield tag="650" ind1="0" ind2="0">
      <subfield code="a">Cantatas</subfield>
   </datafield>
   <datafield tag="700" ind1="1" ind2=" ">
      <subfield code="8">2\c</subfield>
      <subfield code="a"/>
      <subfield code="0"/>
      <subfield code="4">scr</subfield>
   </datafield>
   <datafield tag="700" ind1="1" ind2=" ">
      <subfield code="8">3\c</subfield>
      <subfield code="a"/>
      <subfield code="0"/>
      <subfield code="4">scr</subfield>
   </datafield>
   <datafield tag="700" ind1="1" ind2=" ">
      <subfield code="a">Müller von Königswinter, Wolfgang</subfield>
      <subfield code="d">1816-1873</subfield>
      <subfield code="0">117985</subfield>
      <subfield code="4">lyr</subfield>
   </datafield>
   <datafield tag="700" ind1="1" ind2=" ">
      <subfield code="a">Hess, Carl</subfield>
      <subfield code="d">1859-1912</subfield>
      <subfield code="0">30015140</subfield>
      <subfield code="4">fmo</subfield>
   </datafield>
   <datafield tag="852" ind1=" " ind2=" ">
      <subfield code="a">CH-BEl</subfield>
      <subfield code="c">SNL-Musik-Hess-3</subfield>
      <subfield code="x">30000004</subfield>
   </datafield>
   </record>