
<record>
   <leader>00000cdd#a2200000###4500</leader>
   <controlfield tag="001">403001764</controlfield>
   <controlfield tag="003">RISM</controlfield>
   <controlfield tag="005">20100304111111.0</controlfield>
   <controlfield tag="008">100322|||||||||gw |||||||||||||||||gsw|d</controlfield>
   <datafield tag="031" ind1=" " ind2=" ">
      <subfield code="a">1</subfield>
      <subfield code="b">1</subfield>
      <subfield code="c">1</subfield>
      <subfield code="d">Ruhig</subfield>
      <subfield code="g">G-2</subfield>
      <subfield code="m">S 1</subfield>
      <subfield code="n">bBEAD</subfield>
      <subfield code="o">6/8</subfield>
      <subfield code="p">'8E/''4C6CC{8C'B}A/4A6FF4E</subfield>
      <subfield code="r">A|b</subfield>
      <subfield code="t">Drü Engeli gänd enandere d'Hand</subfield>
      <subfield code="2">pe</subfield>
      <subfield code="u">30596580</subfield>
      </datafield>
   <datafield tag="041" ind1=" " ind2=" ">
      <subfield code="a">gsw</subfield>
   </datafield>
   <datafield tag="100" ind1="1" ind2=" ">
      <subfield code="a">Hess, Carl</subfield>
      <subfield code="d">1859-1912</subfield>
      <subfield code="0">30015140</subfield>
   </datafield>
   <datafield tag="240" ind1="1" ind2="0">
      <subfield code="a">Heiligobe</subfield>
      <subfield code="m">Coro fanciulli</subfield>
      <subfield code="r">A|b</subfield>
   </datafield>
   <datafield tag="245" ind1="1" ind2="0">
      <subfield code="a">[caption title:] Heiligobe. | (Gedicht von S. Haemmerli-Marti.) | Carl Hess.</subfield>
   </datafield>
   <datafield tag="300" ind1=" " ind2=" ">
      <subfield code="8">1\c</subfield>
      <subfield code="a">score: p.1</subfield>
      </datafield>
   <datafield tag="510" ind1="1" ind2=" ">
      <subfield code="a">RepertoriumSchweiz</subfield>
      </datafield>
   <datafield tag="510" ind1="1" ind2=" ">
      <subfield code="a">SMZundSängerblatt</subfield>
      <subfield code="c">52, Nr. 28.</subfield>
   </datafield>
   <datafield tag="593" ind1=" " ind2=" ">
      <subfield code="8">1\c</subfield>
      <subfield code="a">print</subfield>
   </datafield>
   <datafield tag="594" ind1=" " ind2=" ">
      <subfield code="a">Coro S (2), Coro A</subfield>
   </datafield>
   <datafield tag="650" ind1="0" ind2="0">
      <subfield code="a">Partsongs</subfield>
   </datafield>
   <datafield tag="700" ind1="1" ind2=" ">
      <subfield code="a">Hämmerli-Marti, Sophie</subfield>
      <subfield code="d">1868-1942</subfield>
      <subfield code="0">30026536</subfield>
      <subfield code="4">lyr</subfield>
   </datafield>
   <datafield tag="852" ind1=" " ind2=" ">
      <subfield code="a">CH-E</subfield>
      <subfield code="c">136,11.47</subfield>
      <subfield code="x">30000006</subfield>
   </datafield>
   </record>