
<record>
   <leader>00000cdd#a2200000###4500</leader>
   <controlfield tag="001">402010018</controlfield>
   <controlfield tag="003">RISM</controlfield>
   <controlfield tag="005">20100310111111.0</controlfield>
   <controlfield tag="008">100322|||||||||gw |||||||||||||||||||||d</controlfield>
   <datafield tag="031" ind1=" " ind2=" ">
      <subfield code="a">1</subfield>
      <subfield code="b">1</subfield>
      <subfield code="c">1</subfield>
      <subfield code="d">Largo</subfield>
      <subfield code="g">G-2</subfield>
      <subfield code="m">org</subfield>
      <subfield code="o">3/2</subfield>
      <subfield code="p">'4CD8{EF}4GFE/DEFGAB/''4.C'8B''4CDEF/</subfield>
      <subfield code="r">C</subfield>
      <subfield code="2">pe</subfield>
      <subfield code="u">32228376</subfield>
      </datafield>
   <datafield tag="100" ind1="1" ind2=" ">
      <subfield code="a">Hess, Carl</subfield>
      <subfield code="d">1859-1912</subfield>
      <subfield code="0">30015140</subfield>
   </datafield>
   <datafield tag="240" ind1="1" ind2="0">
      <subfield code="a">Largo</subfield>
      <subfield code="m">org</subfield>
      <subfield code="r">C</subfield>
   </datafield>
   <datafield tag="245" ind1="1" ind2="0">
      <subfield code="a">[caption title:] 6 Largo</subfield>
   </datafield>
   <datafield tag="300" ind1=" " ind2=" ">
      <subfield code="8">1\c</subfield>
      <subfield code="a">1 part: p.5-7</subfield>
      </datafield>
   <datafield tag="510" ind1="1" ind2=" ">
      <subfield code="a">RepertoriumSNL</subfield>
      </datafield>
   <datafield tag="510" ind1="1" ind2=" ">
      <subfield code="a">RepertoriumSchweiz</subfield>
      </datafield>
   <datafield tag="518" ind1=" " ind2=" ">
      <subfield code="a">Date of composition: 19.11.1886</subfield>
   </datafield>
   <datafield tag="590" ind1=" " ind2=" ">
      <subfield code="8">1\c</subfield>
      <subfield code="a">org</subfield>
   </datafield>
   <datafield tag="593" ind1=" " ind2=" ">
      <subfield code="8">1\c</subfield>
      <subfield code="a">autograph</subfield>
   </datafield>
   <datafield tag="594" ind1=" " ind2=" ">
      <subfield code="a">org</subfield>
   </datafield>
   <datafield tag="650" ind1="0" ind2="0">
      <subfield code="a">Keyboard pieces</subfield>
   </datafield>
   <datafield tag="700" ind1="1" ind2=" ">
      <subfield code="a">Hess, Carl</subfield>
      <subfield code="d">1859-1912</subfield>
      <subfield code="0">30015140</subfield>
      <subfield code="4">fmo</subfield>
   </datafield>
   <datafield tag="773" ind1="0" ind2=" ">
      <subfield code="a">402010012</subfield>
   </datafield>
   <datafield tag="852" ind1=" " ind2=" ">
      <subfield code="a">CH-BEl</subfield>
      <subfield code="c">SNL-Musik-Hess-17</subfield>
      <subfield code="x">30000004</subfield>
   </datafield>
   </record>