
<record>
   <leader>00000cdd#a2200000###4500</leader>
   <controlfield tag="001">402009990</controlfield>
   <controlfield tag="003">RISM</controlfield>
   <controlfield tag="005">20100310111111.0</controlfield>
   <controlfield tag="008">100322s1905||||gw |||||||||||||||||ger|d</controlfield>
   <datafield tag="031" ind1=" " ind2=" ">
      <subfield code="a">1</subfield>
      <subfield code="b">1</subfield>
      <subfield code="c">1</subfield>
      <subfield code="d">Sehr breit</subfield>
      <subfield code="g">F-4</subfield>
      <subfield code="m">timp</subfield>
      <subfield code="n">bB</subfield>
      <subfield code="o">c</subfield>
      <subfield code="p">,3{DDDD}{DDDD}{DDDD}{DDDD}8({DDD})4-/,,3{AAAA}{AAAA}{AAAA}{AAAA}8({AAA})4-/,3{DDDD}{DDDD}{DDDD}{DDDD}{DDDD}{DDDD}{DDDD}{DDDD}/</subfield>
      <subfield code="r">d</subfield>
      <subfield code="2">pe</subfield>
      <subfield code="u">32228290</subfield>
      </datafield>
   <datafield tag="031" ind1=" " ind2=" ">
      <subfield code="a">1</subfield>
      <subfield code="b">1</subfield>
      <subfield code="c">2</subfield>
      <subfield code="g">G-2</subfield>
      <subfield code="m">S</subfield>
      <subfield code="n">bB</subfield>
      <subfield code="o">c</subfield>
      <subfield code="p">=15/2-4-'A/4.A8nB''4xCD/2E'4A-/''F8D'B4F8ED/2.B</subfield>
      <subfield code="r">d</subfield>
      <subfield code="t">Wohl müsst' ich herzlich weinen Herz wärst du wirklich tot</subfield>
      <subfield code="2">pe</subfield>
      <subfield code="u">32228291</subfield>
      </datafield>
   <datafield tag="031" ind1=" " ind2=" ">
      <subfield code="a">1</subfield>
      <subfield code="b">2</subfield>
      <subfield code="c">1</subfield>
      <subfield code="d">[attacca]. Erstes Zeitmaß</subfield>
      <subfield code="g">G-2</subfield>
      <subfield code="m">S</subfield>
      <subfield code="n">bB</subfield>
      <subfield code="o">c</subfield>
      <subfield code="p">'4B/4.A8nB''4xCD/2E'4A8-A/''4BD'4.B8B/2.A</subfield>
      <subfield code="r">d</subfield>
      <subfield code="t">Doch sieh' seit du gestorben weiss nicht wie mir geschah</subfield>
      <subfield code="2">pe</subfield>
      <subfield code="u">32228292</subfield>
      </datafield>
   <datafield tag="031" ind1=" " ind2=" ">
      <subfield code="a">1</subfield>
      <subfield code="b">3</subfield>
      <subfield code="c">1</subfield>
      <subfield code="d">[attacca]. Etwas ruhiger</subfield>
      <subfield code="g">G-2</subfield>
      <subfield code="m">S</subfield>
      <subfield code="o">3/4</subfield>
      <subfield code="p">''4D/CDE/GxFnF/2.E/2D</subfield>
      <subfield code="r">C</subfield>
      <subfield code="t">Nicht Berg und Tale trennen</subfield>
      <subfield code="2">pe</subfield>
      <subfield code="u">32228293</subfield>
      </datafield>
   <datafield tag="031" ind1=" " ind2=" ">
      <subfield code="a">1</subfield>
      <subfield code="b">4</subfield>
      <subfield code="c">1</subfield>
      <subfield code="d">[attacca]. Nicht schleppen</subfield>
      <subfield code="g">G-2</subfield>
      <subfield code="m">S</subfield>
      <subfield code="n">xFC</subfield>
      <subfield code="o">3/4</subfield>
      <subfield code="p">'4B/''CDC/'B''FD/'B''CD/2C</subfield>
      <subfield code="r">D</subfield>
      <subfield code="t">Und schnell legt sich die Welle</subfield>
      <subfield code="2">pe</subfield>
      <subfield code="u">32228294</subfield>
      </datafield>
   <datafield tag="031" ind1=" " ind2=" ">
      <subfield code="a">1</subfield>
      <subfield code="b">5</subfield>
      <subfield code="c">1</subfield>
      <subfield code="d">[attacca]. Sehr breit</subfield>
      <subfield code="g">G-2</subfield>
      <subfield code="m">S</subfield>
      <subfield code="n">xFC</subfield>
      <subfield code="o">c</subfield>
      <subfield code="p">'4E/''4.nC8xC4DE/2nF4nC'8BA/4.G8G4AB/''2.C</subfield>
      <subfield code="r">D</subfield>
      <subfield code="t">Die andern nicht begreifen was sel'ges ich ersah</subfield>
      <subfield code="2">pe</subfield>
      <subfield code="u">32228295</subfield>
      </datafield>
   <datafield tag="031" ind1=" " ind2=" ">
      <subfield code="a">1</subfield>
      <subfield code="b">6</subfield>
      <subfield code="c">1</subfield>
      <subfield code="d">[attacca]. Sehr breit</subfield>
      <subfield code="g">G-2</subfield>
      <subfield code="m">S</subfield>
      <subfield code="n">xFC</subfield>
      <subfield code="o">c</subfield>
      <subfield code="p">''4D/2DD/2.D4C/1D/2D</subfield>
      <subfield code="r">D</subfield>
      <subfield code="t">Die wissen nichts von drüben</subfield>
      <subfield code="2">pe</subfield>
      <subfield code="u">32228296</subfield>
      </datafield>
   <datafield tag="041" ind1=" " ind2=" ">
      <subfield code="a">ger</subfield>
   </datafield>
   <datafield tag="100" ind1="1" ind2=" ">
      <subfield code="a">Hess, Carl</subfield>
      <subfield code="d">1859-1912</subfield>
      <subfield code="0">30015140</subfield>
   </datafield>
   <datafield tag="240" ind1="1" ind2="0">
      <subfield code="a">Nähe des Toten</subfield>
      <subfield code="m">Coro, orch</subfield>
      <subfield code="r">d</subfield>
   </datafield>
   <datafield tag="245" ind1="1" ind2="0">
      <subfield code="a">[score, title page:] Nähe des Toten. | Dichtung von Justinus Kerner, | für gemischten Chor und | Orchester componirt | von | Carl Hess (Bern) | [added by pencil:] op. 30. | Partitur | Dem "Caecilien-Verein" Bern | und dessen Vorstand gewidmet. | Bern im Mai 1905</subfield>
   </datafield>
   <datafield tag="260" ind1=" " ind2=" ">
      <subfield code="8">1\c</subfield>
      <subfield code="c">1905 (1905)</subfield>
   </datafield>
   <datafield tag="260" ind1=" " ind2=" ">
      <subfield code="8">2\c</subfield>
      <subfield code="c">1905</subfield>
      </datafield>
   <datafield tag="300" ind1=" " ind2=" ">
      <subfield code="8">1\c</subfield>
      <subfield code="a">score: 53p.</subfield>
      </datafield>
   <datafield tag="300" ind1=" " ind2=" ">
      <subfield code="8">2\c</subfield>
      <subfield code="a">1 part: 1p.</subfield>
      <subfield code="c">35,5 (27) x 27 (35,5) cm</subfield>
   </datafield>
   <datafield tag="300" ind1=" " ind2=" ">
      <subfield code="8">3\c</subfield>
      <subfield code="a">47 parts: 7, 7, 7, 7, 7, 7, 7, 7, 7, 7, 7, 7, 7, 7, 7, 7, 7, 7, 7, 7, 7, 7, 7, 6, 6, 6, 6, 4, 6, 5, 5, 5, 5, 5, 5, 5, 4, 4, 4, 4, 4, 3, 3, 4, 4, 4, 4, 5p.</subfield>
      <subfield code="c">34 x 26 cm</subfield>
   </datafield>
   <datafield tag="300" ind1=" " ind2=" ">
      <subfield code="8">4\c</subfield>
      <subfield code="a">40 parts: 7, 7, 7, 7, 7, 7, 6, 6, 6, 6, 6, 6, 6, 6, 6, 6, 6, 6, 5, 5, 4, 5, 5, 5, 5, 6, 5, 5, 5, 5, 5, 4, 4, 4, 4, 4, 4, 4, 4, 4p.</subfield>
      <subfield code="c">34 x 25,5 cm</subfield>
   </datafield>
   <datafield tag="383" ind1=" " ind2=" ">
      <subfield code="b">op.30</subfield>
   </datafield>
   <datafield tag="500" ind1=" " ind2=" ">
      <subfield code="a">Materialschicht 1, 1. Vorsatzblatt der Partitur: "Eigentum des / Componisten. / Erste Skizze. / Vorlage für die Haupt-Partitur. / Carl Hess."</subfield>
   </datafield>
   <datafield tag="500" ind1=" " ind2=" ">
      <subfield code="a">Materialschicht 1: Datierung der Partitur auf der Rückseite des Titelblatts: "Geschrieben in der / Zeit vom 15. April bis / 1. Mai 1905. / CHR." Darauf folgt der vollständige Text des Werkes von Justinus Kerner. Am Schluss der Seite findet sich einHinweis auf die Uraufführung: "Uraufführung durch den Caecilien-Verein Bern: / Samstag, Sonntag, 16./17. XII. 1905. CHR."</subfield>
   </datafield>
   <datafield tag="500" ind1=" " ind2=" ">
      <subfield code="a">Materialschicht 1: Datierung der Tubastimme: "CHR. / 17.XII.05."</subfield>
   </datafield>
   <datafield tag="510" ind1="1" ind2=" ">
      <subfield code="a">RepertoriumSNL</subfield>
      </datafield>
   <datafield tag="510" ind1="1" ind2=" ">
      <subfield code="a">RepertoriumSchweiz</subfield>
      </datafield>
   <datafield tag="518" ind1=" " ind2=" ">
      <subfield code="a">16.12.1905 Bern</subfield>
   </datafield>
   <datafield tag="518" ind1=" " ind2=" ">
      <subfield code="a">17.12.1905 Bern</subfield>
   </datafield>
   <datafield tag="518" ind1=" " ind2=" ">
      <subfield code="a">Date of composition: 1.5.1905</subfield>
   </datafield>
   <datafield tag="590" ind1=" " ind2=" ">
      <subfield code="8">2\c</subfield>
      <subfield code="a">tb</subfield>
      </datafield>
   <datafield tag="590" ind1=" " ind2=" ">
      <subfield code="8">3\c</subfield>
      <subfield code="a">vl 1 (7x), vl 2 (7x), vla (5x), vlc (4x), cb (4x), fl.picc, fl 1, 2, ob 1, 2, cl 1, 2 in B|b, fag 1, 2, cor 1, 2, 3, 4 in F, tr 1, 2 in B|b, a-trb, t-trb, b-trb, tb, timp in A and D and E</subfield>
      </datafield>
   <datafield tag="590" ind1=" " ind2=" ">
      <subfield code="8">4\c</subfield>
      <subfield code="a">vl 1 (6x), vl 2 (6x), vla (4x), vlc (2x), cb (2x), fl.picc, fl 1, 2, ob 1, 2, cl 1, 2 in B|b, fag 1, 2, cor 1, 2, 3, 4 in F, tr 1, 2, 3 in B|b, a-trb, t-trb, b-trb, timp in A and D and E</subfield>
      </datafield>
   <datafield tag="593" ind1=" " ind2=" ">
      <subfield code="8">1\c</subfield>
      <subfield code="a">autograph</subfield>
   </datafield>
   <datafield tag="593" ind1=" " ind2=" ">
      <subfield code="8">2\c</subfield>
      <subfield code="a">autograph</subfield>
      </datafield>
   <datafield tag="593" ind1=" " ind2=" ">
      <subfield code="8">3\c</subfield>
      <subfield code="a">manuscript</subfield>
      </datafield>
   <datafield tag="593" ind1=" " ind2=" ">
      <subfield code="8">4\c</subfield>
      <subfield code="a">manuscript</subfield>
      </datafield>
   <datafield tag="594" ind1=" " ind2=" ">
      <subfield code="a">Coro S, Coro A, Coro T, Coro B, vl 1, vl 2, vla, vlc, b, fl (2), ob (2), cl (2), fag (2), cor (4), tr (3), trb (3), fl.picc, timp</subfield>
   </datafield>
   <datafield tag="650" ind1="0" ind2="0">
      <subfield code="a">Cantatas</subfield>
   </datafield>
   <datafield tag="700" ind1="1" ind2=" ">
      <subfield code="8">3\c</subfield>
      <subfield code="a"/>
      <subfield code="0"/>
      <subfield code="4">scr</subfield>
   </datafield>
   <datafield tag="700" ind1="1" ind2=" ">
      <subfield code="8">4\c</subfield>
      <subfield code="a"/>
      <subfield code="0"/>
      <subfield code="4">scr</subfield>
   </datafield>
   <datafield tag="700" ind1="1" ind2=" ">
      <subfield code="a">Kerner, Justinus</subfield>
      <subfield code="d">1786-1862</subfield>
      <subfield code="0">14353</subfield>
      <subfield code="4">lyr</subfield>
   </datafield>
   <datafield tag="700" ind1="1" ind2=" ">
      <subfield code="a">Caecilien-Verein Bern</subfield>
      <subfield code="0">30089349</subfield>
      <subfield code="4">dte</subfield>
   </datafield>
   <datafield tag="700" ind1="1" ind2=" ">
      <subfield code="a">Hess, Carl</subfield>
      <subfield code="d">1859-1912</subfield>
      <subfield code="0">30015140</subfield>
      <subfield code="4">fmo</subfield>
   </datafield>
   <datafield tag="852" ind1=" " ind2=" ">
      <subfield code="a">CH-BEl</subfield>
      <subfield code="c">SNL-Musik-Hess-2</subfield>
      <subfield code="x">30000004</subfield>
   </datafield>
   </record>