
<record>
   <leader>00000cdd#a2200000###4500</leader>
   <controlfield tag="001">402010072</controlfield>
   <controlfield tag="003">RISM</controlfield>
   <controlfield tag="005">20100310111111.0</controlfield>
   <controlfield tag="008">100322|||||||||gw |||||||||||||||||ger|d</controlfield>
   <datafield tag="031" ind1=" " ind2=" ">
      <subfield code="a">1</subfield>
      <subfield code="b">1</subfield>
      <subfield code="c">1</subfield>
      <subfield code="d">Sehr langsam und getragen</subfield>
      <subfield code="g">G-2</subfield>
      <subfield code="m">org</subfield>
      <subfield code="n">bBEA</subfield>
      <subfield code="o">3/2</subfield>
      <subfield code="p">'2CDE/2.F4E2D/EFG/2.A4G2F/GnB''C/E4DC'2B/AF</subfield>
      <subfield code="r">c</subfield>
      <subfield code="2">pe</subfield>
      <subfield code="u">32228493</subfield>
      </datafield>
   <datafield tag="031" ind1=" " ind2=" ">
      <subfield code="a">1</subfield>
      <subfield code="b">1</subfield>
      <subfield code="c">2</subfield>
      <subfield code="g">G-2</subfield>
      <subfield code="m">T</subfield>
      <subfield code="n">bBEA</subfield>
      <subfield code="o">3/2</subfield>
      <subfield code="p">=10/'1G2E/F1G/''C'2A/G1F/2CDE/FGnA/1B2A/1G2-/</subfield>
      <subfield code="r">c</subfield>
      <subfield code="t">Schwer und schaurig lag die Lenznacht vor des Heilgen Grabes schön</subfield>
      <subfield code="2">pe</subfield>
      <subfield code="u">32228494</subfield>
      </datafield>
   <datafield tag="041" ind1=" " ind2=" ">
      <subfield code="a">ger</subfield>
   </datafield>
   <datafield tag="100" ind1="1" ind2=" ">
      <subfield code="a">Hess, Carl</subfield>
      <subfield code="d">1859-1912</subfield>
      <subfield code="0">30015140</subfield>
   </datafield>
   <datafield tag="240" ind1="1" ind2="0">
      <subfield code="a">Ostergesang</subfield>
      <subfield code="m">Coro maschile, org</subfield>
      <subfield code="r">c</subfield>
   </datafield>
   <datafield tag="245" ind1="1" ind2="0">
      <subfield code="a">[score, title page:] Ostergesang | Dichtung von Ernst Schenk (Gümligen Muri), | für Männerchor und Orgel | componirt von | Carl Hess (Bern).</subfield>
   </datafield>
   <datafield tag="300" ind1=" " ind2=" ">
      <subfield code="8">1\c</subfield>
      <subfield code="a">score: 13p.</subfield>
      </datafield>
   <datafield tag="300" ind1=" " ind2=" ">
      <subfield code="8">2\c</subfield>
      <subfield code="a">short score (vocal score): 1p.</subfield>
      <subfield code="c">27 x 35,5 cm</subfield>
   </datafield>
   <datafield tag="500" ind1=" " ind2=" ">
      <subfield code="a">Datierung am Schluss der Partitur: "CHR. Bernae / fesit 9. II. 01."</subfield>
   </datafield>
   <datafield tag="510" ind1="1" ind2=" ">
      <subfield code="a">RepertoriumSNL</subfield>
      </datafield>
   <datafield tag="510" ind1="1" ind2=" ">
      <subfield code="a">RepertoriumSchweiz</subfield>
      </datafield>
   <datafield tag="518" ind1=" " ind2=" ">
      <subfield code="a">Date of composition: 9.2.1901</subfield>
   </datafield>
   <datafield tag="593" ind1=" " ind2=" ">
      <subfield code="8">1\c</subfield>
      <subfield code="a">autograph</subfield>
   </datafield>
   <datafield tag="593" ind1=" " ind2=" ">
      <subfield code="8">2\c</subfield>
      <subfield code="a">autograph</subfield>
      </datafield>
   <datafield tag="594" ind1=" " ind2=" ">
      <subfield code="a">Coro T, Coro B, org</subfield>
   </datafield>
   <datafield tag="650" ind1="0" ind2="0">
      <subfield code="a">Partsongs</subfield>
   </datafield>
   <datafield tag="700" ind1="1" ind2=" ">
      <subfield code="a">Schenk, Ernst</subfield>
      <subfield code="0">30089366</subfield>
      <subfield code="4">lyr</subfield>
   </datafield>
   <datafield tag="700" ind1="1" ind2=" ">
      <subfield code="a">Hess, Carl</subfield>
      <subfield code="d">1859-1912</subfield>
      <subfield code="0">30015140</subfield>
      <subfield code="4">fmo</subfield>
   </datafield>
   <datafield tag="852" ind1=" " ind2=" ">
      <subfield code="a">CH-BEl</subfield>
      <subfield code="c">SNL-Musik-Hess-40</subfield>
      <subfield code="x">30000004</subfield>
   </datafield>
   </record>