
<record>
   <leader>00000cdd#a2200000###4500</leader>
   <controlfield tag="001">402010028</controlfield>
   <controlfield tag="003">RISM</controlfield>
   <controlfield tag="005">20100310111111.0</controlfield>
   <controlfield tag="008">100322s1896||||gw |||||||||||||||||||||d</controlfield>
   <datafield tag="031" ind1=" " ind2=" ">
      <subfield code="a">1</subfield>
      <subfield code="b">1</subfield>
      <subfield code="c">1</subfield>
      <subfield code="d">Adagio</subfield>
      <subfield code="g">F-4</subfield>
      <subfield code="m">org</subfield>
      <subfield code="o">c</subfield>
      <subfield code="p">,2.G'4C+/1C/2.C,4G+/G'2C4F/2.(E)4-/2.D4C+/2C,B/1A/2.B</subfield>
      <subfield code="r">C</subfield>
      <subfield code="2">pe</subfield>
      <subfield code="u">32228396</subfield>
      </datafield>
   <datafield tag="100" ind1="1" ind2=" ">
      <subfield code="a">Hess, Carl</subfield>
      <subfield code="d">1859-1912</subfield>
      <subfield code="0">30015140</subfield>
   </datafield>
   <datafield tag="240" ind1="1" ind2="0">
      <subfield code="a">Pater noster</subfield>
      <subfield code="k">Arr</subfield>
      <subfield code="m">org</subfield>
      <subfield code="r">C</subfield>
   </datafield>
   <datafield tag="245" ind1="1" ind2="0">
      <subfield code="a">[cover title:] Pater noster. | von | Carl Hess.</subfield>
   </datafield>
   <datafield tag="260" ind1=" " ind2=" ">
      <subfield code="8">1\c</subfield>
      <subfield code="c">1896 (1896c)</subfield>
   </datafield>
   <datafield tag="300" ind1=" " ind2=" ">
      <subfield code="8">1\c</subfield>
      <subfield code="a">1 part: 2p.</subfield>
      <subfield code="c">34 x 25,5 cm</subfield>
   </datafield>
   <datafield tag="500" ind1=" " ind2=" ">
      <subfield code="a">Autographe Notiz des Komponisten auf dem Umschlagblatt: "Carissime! / Bitte, auf dem Pulte liegen / zu lassen, weil ich es selbst heut' Nach- / mittag brauche. / Gruss! / Dein Carol. / 1.VIII 96"</subfield>
   </datafield>
   <datafield tag="500" ind1=" " ind2=" ">
      <subfield code="a">Bearbeitung der Motette für vierstimmigen Chor, vgl. CH BEl SNL-Musik-Hess-31</subfield>
   </datafield>
   <datafield tag="510" ind1="1" ind2=" ">
      <subfield code="a">RepertoriumSNL</subfield>
      </datafield>
   <datafield tag="510" ind1="1" ind2=" ">
      <subfield code="a">RepertoriumSchweiz</subfield>
      </datafield>
   <datafield tag="518" ind1=" " ind2=" ">
      <subfield code="a">Date of composition: 1896c</subfield>
   </datafield>
   <datafield tag="590" ind1=" " ind2=" ">
      <subfield code="8">1\c</subfield>
      <subfield code="a">org</subfield>
   </datafield>
   <datafield tag="593" ind1=" " ind2=" ">
      <subfield code="8">1\c</subfield>
      <subfield code="a">partly autograph</subfield>
   </datafield>
   <datafield tag="594" ind1=" " ind2=" ">
      <subfield code="a">org</subfield>
   </datafield>
   <datafield tag="650" ind1="0" ind2="0">
      <subfield code="a">Keyboard pieces</subfield>
   </datafield>
   <datafield tag="700" ind1="1" ind2=" ">
      <subfield code="8">1\c</subfield>
      <subfield code="a">Röser, Fritz</subfield>
      <subfield code="0">30089357</subfield>
      <subfield code="4">scr</subfield>
   </datafield>
   <datafield tag="700" ind1="1" ind2=" ">
      <subfield code="a">Hess, Carl</subfield>
      <subfield code="d">1859-1912</subfield>
      <subfield code="0">30015140</subfield>
      <subfield code="4">fmo</subfield>
   </datafield>
   <datafield tag="852" ind1=" " ind2=" ">
      <subfield code="a">CH-BEl</subfield>
      <subfield code="c">SNL-Musik-Hess-20</subfield>
      <subfield code="x">30000004</subfield>
   </datafield>
   </record>