
<record>
   <leader>00000cdd#a2200000###4500</leader>
   <controlfield tag="001">402010084</controlfield>
   <controlfield tag="003">RISM</controlfield>
   <controlfield tag="005">20100310111111.0</controlfield>
   <controlfield tag="008">100322s1906||||gw |||||||||||||||||||||d</controlfield>
   <datafield tag="031" ind1=" " ind2=" ">
      <subfield code="a">1</subfield>
      <subfield code="b">1</subfield>
      <subfield code="c">1</subfield>
      <subfield code="d">I.. Bewegt</subfield>
      <subfield code="g">G-2</subfield>
      <subfield code="m">vl 1</subfield>
      <subfield code="n">bBE</subfield>
      <subfield code="o">c/</subfield>
      <subfield code="p">=1/2-4-,G/'8{xCD}2B4xF/8{GB}''2D4-/=1/2-4-,G/'8{xCD}2B4xF/{8GB}''2D</subfield>
      <subfield code="r">g</subfield>
      <subfield code="2">pe</subfield>
      <subfield code="u">32228524</subfield>
      </datafield>
   <datafield tag="031" ind1=" " ind2=" ">
      <subfield code="a">1</subfield>
      <subfield code="b">2</subfield>
      <subfield code="c">1</subfield>
      <subfield code="d">Einleitung zum 2. Satz. Molto adagio</subfield>
      <subfield code="g">C-4</subfield>
      <subfield code="m">vlc</subfield>
      <subfield code="n">bBEA</subfield>
      <subfield code="o">c</subfield>
      <subfield code="p">'4..E,6nB'2D/8({EDC}),{nB'C}2D/4..A6nE2G/8({AGF}){nEF}2G/%G-2 4..nB6F''4C'F/''8{xCDCD}4ExF/</subfield>
      <subfield code="2">pe</subfield>
      <subfield code="u">32228525</subfield>
      </datafield>
   <datafield tag="031" ind1=" " ind2=" ">
      <subfield code="a">1</subfield>
      <subfield code="b">2</subfield>
      <subfield code="c">2</subfield>
      <subfield code="d">Sehr rasch</subfield>
      <subfield code="g">G-2</subfield>
      <subfield code="m">vl 1</subfield>
      <subfield code="o">3/4</subfield>
      <subfield code="p">''8{GA}2G//:2-4-/2-'gxF4(G)/2F4E/2DgxG4(A)/2G4F/2EgB''4(C)/'2B4A/2G4xF/2.F/4E-</subfield>
      <subfield code="r">C</subfield>
      <subfield code="2">pe</subfield>
      <subfield code="u">32228526</subfield>
      </datafield>
   <datafield tag="100" ind1="1" ind2=" ">
      <subfield code="a">Hess, Carl</subfield>
      <subfield code="d">1859-1912</subfield>
      <subfield code="0">30015140</subfield>
   </datafield>
   <datafield tag="240" ind1="1" ind2="0">
      <subfield code="a">Quartets</subfield>
      <subfield code="m">vl (2), vla, vlc</subfield>
      <subfield code="r">g</subfield>
   </datafield>
   <datafield tag="245" ind1="1" ind2="0">
      <subfield code="a">[cover title, 1. set:] Geschrieben in der Zeit | vom 8.ten bis 17.ten Januar 1906. | CHR. | [added by pencil:] Friedrich Klose gewidmet. | Streichquartett-Satz | [crossed out:] in | [crossed out:] Gmoll | von | Carl Hess (Bern.) | op. 31.</subfield>
   </datafield>
   <datafield tag="260" ind1=" " ind2=" ">
      <subfield code="8">1\c</subfield>
      <subfield code="c">1906 (1906)</subfield>
   </datafield>
   <datafield tag="260" ind1=" " ind2=" ">
      <subfield code="8">2\c</subfield>
      <subfield code="c">1907</subfield>
      </datafield>
   <datafield tag="300" ind1=" " ind2=" ">
      <subfield code="8">1\c</subfield>
      <subfield code="a">score (2 vol.): 13, 9p.</subfield>
      <subfield code="c">27 x 35,5 cm</subfield>
   </datafield>
   <datafield tag="300" ind1=" " ind2=" ">
      <subfield code="8">2\c</subfield>
      <subfield code="a">score: 2p.</subfield>
      <subfield code="c">27 x 35,5 cm</subfield>
   </datafield>
   <datafield tag="383" ind1=" " ind2=" ">
      <subfield code="b">op.31</subfield>
   </datafield>
   <datafield tag="500" ind1=" " ind2=" ">
      <subfield code="a">2. Materialschicht: Einleitung zum 2. Satz mit folgender Datierung am Schluss: "Weggis am 7. Oktobr. 1907 vormittags."</subfield>
   </datafield>
   <datafield tag="510" ind1="1" ind2=" ">
      <subfield code="a">RepertoriumSNL</subfield>
      </datafield>
   <datafield tag="510" ind1="1" ind2=" ">
      <subfield code="a">RepertoriumSchweiz</subfield>
      </datafield>
   <datafield tag="518" ind1=" " ind2=" ">
      <subfield code="a">Date of composition: März 1906</subfield>
   </datafield>
   <datafield tag="593" ind1=" " ind2=" ">
      <subfield code="8">1\c</subfield>
      <subfield code="a">autograph</subfield>
   </datafield>
   <datafield tag="593" ind1=" " ind2=" ">
      <subfield code="8">2\c</subfield>
      <subfield code="a">autograph</subfield>
      </datafield>
   <datafield tag="594" ind1=" " ind2=" ">
      <subfield code="a">vl 1, vl 2, vla, vlc</subfield>
   </datafield>
   <datafield tag="650" ind1="0" ind2="0">
      <subfield code="a">Quartets (instr.)</subfield>
   </datafield>
   <datafield tag="700" ind1="1" ind2=" ">
      <subfield code="a">Klose, Friedrich</subfield>
      <subfield code="0">30089372</subfield>
      <subfield code="4">dte</subfield>
   </datafield>
   <datafield tag="700" ind1="1" ind2=" ">
      <subfield code="a">Hess, Carl</subfield>
      <subfield code="d">1859-1912</subfield>
      <subfield code="0">30015140</subfield>
      <subfield code="4">fmo</subfield>
   </datafield>
   <datafield tag="852" ind1=" " ind2=" ">
      <subfield code="a">CH-BEl</subfield>
      <subfield code="c">SNL-Musik-Hess-48</subfield>
      <subfield code="x">30000004</subfield>
   </datafield>
   </record>