
<record>
   <leader>00000cdd#a2200000###4500</leader>
   <controlfield tag="001">402010063</controlfield>
   <controlfield tag="003">RISM</controlfield>
   <controlfield tag="005">20100310111111.0</controlfield>
   <controlfield tag="008">100322s1909||||gw |||||||||||||||||ger|d</controlfield>
   <datafield tag="031" ind1=" " ind2=" ">
      <subfield code="a">1</subfield>
      <subfield code="b">1</subfield>
      <subfield code="c">1</subfield>
      <subfield code="d">Sehr langsam und getragen</subfield>
      <subfield code="g">G-2</subfield>
      <subfield code="m">S</subfield>
      <subfield code="o">c</subfield>
      <subfield code="p">''2.C'4B/2A4AA/2B''4DC/C'B2B/''2.E4D/2C4DD/2ED/4EC'2B/</subfield>
      <subfield code="r">a</subfield>
      <subfield code="t">Welche der Geist Gottes treibet die sind Gottes Kinder</subfield>
      <subfield code="2">pe</subfield>
      <subfield code="u">32228469</subfield>
      </datafield>
   <datafield tag="041" ind1=" " ind2=" ">
      <subfield code="a">ger</subfield>
   </datafield>
   <datafield tag="100" ind1="1" ind2=" ">
      <subfield code="a">Hess, Carl</subfield>
      <subfield code="d">1859-1912</subfield>
      <subfield code="0">30015140</subfield>
   </datafield>
   <datafield tag="240" ind1="1" ind2="0">
      <subfield code="a">Welche der Geist Gottes treibet</subfield>
      <subfield code="m">Coro</subfield>
      <subfield code="r">a</subfield>
   </datafield>
   <datafield tag="245" ind1="1" ind2="0">
      <subfield code="a">[score, capption title:] Pfingstmotette über Epistel St. Pauli an die Römer, | Cap. VIII, Vers 14-16, von Carl Hess, Bern, op. 32. | Seinem Freunde, Pfr. Rob. Aeschbacher in Bern, | gewidmet.</subfield>
   </datafield>
   <datafield tag="260" ind1=" " ind2=" ">
      <subfield code="8">1\c</subfield>
      <subfield code="c">1909 (1909)</subfield>
   </datafield>
   <datafield tag="300" ind1=" " ind2=" ">
      <subfield code="8">1\c</subfield>
      <subfield code="a">2 scores: 4, 2p.</subfield>
      <subfield code="c">27 x 35,5 cm</subfield>
   </datafield>
   <datafield tag="300" ind1=" " ind2=" ">
      <subfield code="8">2\c</subfield>
      <subfield code="a">score: 4p.</subfield>
      <subfield code="c">34 x 25,5 cm</subfield>
   </datafield>
   <datafield tag="383" ind1=" " ind2=" ">
      <subfield code="b">op.32</subfield>
   </datafield>
   <datafield tag="500" ind1=" " ind2=" ">
      <subfield code="a">Materialschicht 1: Datierung der 1. Partitur: "C. H. R. / 20.III.1909"</subfield>
   </datafield>
   <datafield tag="500" ind1=" " ind2=" ">
      <subfield code="a">Datierung der 2. Partitur: "C. H. R. / 21. III. 1909"</subfield>
   </datafield>
   <datafield tag="510" ind1="1" ind2=" ">
      <subfield code="a">RepertoriumSNL</subfield>
      </datafield>
   <datafield tag="510" ind1="1" ind2=" ">
      <subfield code="a">RepertoriumSchweiz</subfield>
      </datafield>
   <datafield tag="518" ind1=" " ind2=" ">
      <subfield code="a">Date of composition: 20.3.1909</subfield>
   </datafield>
   <datafield tag="593" ind1=" " ind2=" ">
      <subfield code="8">1\c</subfield>
      <subfield code="a">autograph</subfield>
   </datafield>
   <datafield tag="593" ind1=" " ind2=" ">
      <subfield code="8">2\c</subfield>
      <subfield code="a">manuscript</subfield>
      </datafield>
   <datafield tag="594" ind1=" " ind2=" ">
      <subfield code="a">Coro S, Coro A, Coro T, Coro B</subfield>
   </datafield>
   <datafield tag="650" ind1="0" ind2="0">
      <subfield code="a">Motets</subfield>
   </datafield>
   <datafield tag="700" ind1="1" ind2=" ">
      <subfield code="8">2\c</subfield>
      <subfield code="a">Röser, Fritz</subfield>
      <subfield code="0">30089357</subfield>
      <subfield code="4">scr</subfield>
   </datafield>
   <datafield tag="700" ind1="1" ind2=" ">
      <subfield code="a">Aeschbacher, Rob.</subfield>
      <subfield code="0">30089362</subfield>
      <subfield code="4">dte</subfield>
   </datafield>
   <datafield tag="700" ind1="1" ind2=" ">
      <subfield code="a">Hess, Carl</subfield>
      <subfield code="d">1859-1912</subfield>
      <subfield code="0">30015140</subfield>
      <subfield code="4">fmo</subfield>
   </datafield>
   <datafield tag="852" ind1=" " ind2=" ">
      <subfield code="a">CH-BEl</subfield>
      <subfield code="c">SNL-Musik-Hess-33</subfield>
      <subfield code="x">30000004</subfield>
   </datafield>
   </record>