
<record>
   <leader>00000cdd#a2200000###4500</leader>
   <controlfield tag="001">402010011</controlfield>
   <controlfield tag="003">RISM</controlfield>
   <controlfield tag="005">20100310111111.0</controlfield>
   <controlfield tag="008">100322|||||||||gw |||||||||||||||||||||d</controlfield>
   <datafield tag="031" ind1=" " ind2=" ">
      <subfield code="a">1</subfield>
      <subfield code="b">1</subfield>
      <subfield code="c">1</subfield>
      <subfield code="d">Andantino</subfield>
      <subfield code="g">G-2</subfield>
      <subfield code="m">org</subfield>
      <subfield code="n">xFCGD</subfield>
      <subfield code="o">3/4</subfield>
      <subfield code="p">=1/,2B4A/2G8{AB}/'2C,4B/BA'A+/AGF/EDC+/C,B'F/2.E+/4E</subfield>
      <subfield code="r">E</subfield>
      <subfield code="2">pe</subfield>
      <subfield code="u">32228363</subfield>
      </datafield>
   <datafield tag="100" ind1="1" ind2=" ">
      <subfield code="a">Hess, Carl</subfield>
      <subfield code="d">1859-1912</subfield>
      <subfield code="0">30015140</subfield>
   </datafield>
   <datafield tag="240" ind1="1" ind2="0">
      <subfield code="a">Andantino</subfield>
      <subfield code="m">org</subfield>
      <subfield code="r">E</subfield>
   </datafield>
   <datafield tag="245" ind1="1" ind2="0">
      <subfield code="a">[caption title:] Zum 4.|t|e|n August 1884 | 50-jähriges Jubiläum der Hochschule Bern | Festakt im Münster zu Bern. | C. Hess | 2. VIII 84</subfield>
   </datafield>
   <datafield tag="300" ind1=" " ind2=" ">
      <subfield code="8">1\c</subfield>
      <subfield code="a">1 part: 4p.</subfield>
      <subfield code="c">34 x 26 cm</subfield>
   </datafield>
   <datafield tag="510" ind1="1" ind2=" ">
      <subfield code="a">RepertoriumSchweiz</subfield>
      </datafield>
   <datafield tag="510" ind1="1" ind2=" ">
      <subfield code="a">RepertoriumSNL</subfield>
      </datafield>
   <datafield tag="518" ind1=" " ind2=" ">
      <subfield code="a">04.08.1884 Bern</subfield>
   </datafield>
   <datafield tag="518" ind1=" " ind2=" ">
      <subfield code="a">Date of composition: 2.8.1884</subfield>
   </datafield>
   <datafield tag="590" ind1=" " ind2=" ">
      <subfield code="8">1\c</subfield>
      <subfield code="a">org</subfield>
   </datafield>
   <datafield tag="593" ind1=" " ind2=" ">
      <subfield code="8">1\c</subfield>
      <subfield code="a">autograph</subfield>
   </datafield>
   <datafield tag="594" ind1=" " ind2=" ">
      <subfield code="a">org</subfield>
   </datafield>
   <datafield tag="650" ind1="0" ind2="0">
      <subfield code="a">Keyboard pieces</subfield>
   </datafield>
   <datafield tag="700" ind1="1" ind2=" ">
      <subfield code="a">Hess, Carl</subfield>
      <subfield code="d">1859-1912</subfield>
      <subfield code="0">30015140</subfield>
      <subfield code="4">fmo</subfield>
   </datafield>
   <datafield tag="852" ind1=" " ind2=" ">
      <subfield code="a">CH-BEl</subfield>
      <subfield code="c">SNL-Musik-Hess-16</subfield>
      <subfield code="x">30000004</subfield>
   </datafield>
   </record>