
<record>
   <leader>00000cdd#a2200000###4500</leader>
   <controlfield tag="001">402009989</controlfield>
   <controlfield tag="003">RISM</controlfield>
   <controlfield tag="005">20100310111111.0</controlfield>
   <controlfield tag="008">100322s1892||||gw |||||||||||||||||ger|d</controlfield>
   <datafield tag="031" ind1=" " ind2=" ">
      <subfield code="a">1</subfield>
      <subfield code="b">1</subfield>
      <subfield code="c">1</subfield>
      <subfield code="d">Sehr langsam und feierlich</subfield>
      <subfield code="g">F-4</subfield>
      <subfield code="m">cb</subfield>
      <subfield code="n">xF</subfield>
      <subfield code="o">c</subfield>
      <subfield code="p">,1E/xD/E/,,2.B4-/</subfield>
      <subfield code="r">e</subfield>
      <subfield code="2">pe</subfield>
      <subfield code="u">32228281</subfield>
      </datafield>
   <datafield tag="031" ind1=" " ind2=" ">
      <subfield code="a">1</subfield>
      <subfield code="b">1</subfield>
      <subfield code="c">2</subfield>
      <subfield code="g">G-2</subfield>
      <subfield code="m">T</subfield>
      <subfield code="n">xF</subfield>
      <subfield code="o">c</subfield>
      <subfield code="p">=3/2-4-8-'B/4.B''8xC4xDE/2F'4B8-B/''2E+4.E'8E/''2.C4C/'2.B4-/</subfield>
      <subfield code="r">e</subfield>
      <subfield code="t">Das Grab ist tief und stille und schauderhaft sein Rand</subfield>
      <subfield code="2">pe</subfield>
      <subfield code="u">32228282</subfield>
      </datafield>
   <datafield tag="031" ind1=" " ind2=" ">
      <subfield code="a">1</subfield>
      <subfield code="b">2</subfield>
      <subfield code="c">1</subfield>
      <subfield code="d">[attacca]. Etwas bewegter</subfield>
      <subfield code="g">G-2</subfield>
      <subfield code="m">T</subfield>
      <subfield code="n">xFC</subfield>
      <subfield code="o">3/4</subfield>
      <subfield code="p">'4F/B''CD/F2E/2.D/2C8-C/'4BAA/''2D4D/CExE/2F</subfield>
      <subfield code="r">b</subfield>
      <subfield code="t">Verlass'ne Bräute ringen umsonst die Hände wund</subfield>
      <subfield code="2">pe</subfield>
      <subfield code="u">32228283</subfield>
      </datafield>
   <datafield tag="031" ind1=" " ind2=" ">
      <subfield code="a">1</subfield>
      <subfield code="b">3</subfield>
      <subfield code="c">1</subfield>
      <subfield code="d">[attacca]. Sehr ruhig</subfield>
      <subfield code="g">G-2</subfield>
      <subfield code="m">T</subfield>
      <subfield code="n">xF</subfield>
      <subfield code="o">c</subfield>
      <subfield code="p">'4B/4.B''8xC4xDE/2F'4B8-B/''2E4.E'8E''/2.C4C/'2.B4-/</subfield>
      <subfield code="r">e</subfield>
      <subfield code="t">Das arme Herz hienieden von manchem Sturm bewegt</subfield>
      <subfield code="2">pe</subfield>
      <subfield code="u">32228284</subfield>
      </datafield>
   <datafield tag="041" ind1=" " ind2=" ">
      <subfield code="a">ger</subfield>
   </datafield>
   <datafield tag="100" ind1="1" ind2=" ">
      <subfield code="a">Hess, Carl</subfield>
      <subfield code="d">1859-1912</subfield>
      <subfield code="0">30015140</subfield>
   </datafield>
   <datafield tag="240" ind1="1" ind2="0">
      <subfield code="a">Das Grab</subfield>
      <subfield code="m">Coro maschile, orch</subfield>
      <subfield code="r">e</subfield>
   </datafield>
   <datafield tag="245" ind1="1" ind2="0">
      <subfield code="a">[score, cover title:] Das Grab. | Dichtung von G. von Salis, | für Männerchor und Orchester | componirt von | Carl Hess (Bern) | op. 32. | [schort score, title page:] Herrn Carl Julius Schmidt, Musikdirector in Solothurn | gewidmet. | Das Grab. | (Dichtung von Gaud. von Salis.) | für Männerchor und Orchester componirt | von | Carl Hess. (Bern) | Clavier-Auszug.</subfield>
   </datafield>
   <datafield tag="260" ind1=" " ind2=" ">
      <subfield code="8">1\c</subfield>
      <subfield code="c">1892 (1892)</subfield>
   </datafield>
   <datafield tag="300" ind1=" " ind2=" ">
      <subfield code="8">1\c</subfield>
      <subfield code="a">2 scores: 41, 28p.</subfield>
      <subfield code="c">36 x 27 cm</subfield>
   </datafield>
   <datafield tag="300" ind1=" " ind2=" ">
      <subfield code="8">2\c</subfield>
      <subfield code="a">3 short scores (vocal score): 6, 6, 6p.</subfield>
      <subfield code="c">28 x 22 cm</subfield>
   </datafield>
   <datafield tag="300" ind1=" " ind2=" ">
      <subfield code="8">3\c</subfield>
      <subfield code="a">34 parts: 4, 4, 4, 4, 4, 4, 4, 4, 4, 4, 4, 4, 6, 6, 4, 2, 3, 3, 3, 3, 3, 3, 3, 3, 3, 2, 2, 2, 2, 2, 2, 2, 2, 3p.</subfield>
      <subfield code="c">36 (34) x 27 (26) cm</subfield>
   </datafield>
   <datafield tag="300" ind1=" " ind2=" ">
      <subfield code="8">4\c</subfield>
      <subfield code="a">7 parts: 4, 4, 4, 4, 4, 4, 4p.</subfield>
      <subfield code="c">34 x 25,5 cm</subfield>
   </datafield>
   <datafield tag="300" ind1=" " ind2=" ">
      <subfield code="8">5\c</subfield>
      <subfield code="a">short score (piano score): 12p.</subfield>
      </datafield>
   <datafield tag="383" ind1=" " ind2=" ">
      <subfield code="b">op.32</subfield>
   </datafield>
   <datafield tag="500" ind1=" " ind2=" ">
      <subfield code="a">Materialschicht 1: Datierung auf der 1. Partiturseite: "Carl Hess. / Bern, d. 9. III. / 1892: / begonnen / Zu Ende instrumentiert: / d. 17. April 1892, / am h. Osterfeste."</subfield>
   </datafield>
   <datafield tag="500" ind1=" " ind2=" ">
      <subfield code="a">Materialschicht 1: Die 1. Partitur ist mit dem Klavierauszug (Materialschicht 2) zusammengebunden</subfield>
   </datafield>
   <datafield tag="500" ind1=" " ind2=" ">
      <subfield code="a">Materialschicht 1: Die 2. Partitur ist um eine kleine Sekunde nach es-Moll transponiert</subfield>
   </datafield>
   <datafield tag="500" ind1=" " ind2=" ">
      <subfield code="a">Materialschicht 3: Bei den Vokalpartituren handelt es sich um Autographien von F. Rösler</subfield>
   </datafield>
   <datafield tag="510" ind1="1" ind2=" ">
      <subfield code="a">RepertoriumSNL</subfield>
      </datafield>
   <datafield tag="510" ind1="1" ind2=" ">
      <subfield code="a">RepertoriumSchweiz</subfield>
      </datafield>
   <datafield tag="518" ind1=" " ind2=" ">
      <subfield code="a">Date of composition: 9.3.1892</subfield>
   </datafield>
   <datafield tag="590" ind1=" " ind2=" ">
      <subfield code="8">3\c</subfield>
      <subfield code="a">vl 1 (4x), vl 2 (3x), vla (3x), vlc (2x), vlc and cb (2x), cb, fl.picc, fl 1, 2, ob 1, 2, cl 1, 2 in A, fag 1, 2, cor 1, 2, 3, 4 in F, tr 1, 2 in B, a-trb, t-trb, b-trb, timp in B and E and F|x</subfield>
      </datafield>
   <datafield tag="590" ind1=" " ind2=" ">
      <subfield code="8">4\c</subfield>
      <subfield code="a">vl 1 (2x), vl 2 (3x), vlc, cb</subfield>
      </datafield>
   <datafield tag="593" ind1=" " ind2=" ">
      <subfield code="8">1\c</subfield>
      <subfield code="a">autograph</subfield>
   </datafield>
   <datafield tag="593" ind1=" " ind2=" ">
      <subfield code="8">2\c</subfield>
      <subfield code="a">manuscript</subfield>
      </datafield>
   <datafield tag="593" ind1=" " ind2=" ">
      <subfield code="8">3\c</subfield>
      <subfield code="a">manuscript</subfield>
      </datafield>
   <datafield tag="593" ind1=" " ind2=" ">
      <subfield code="8">4\c</subfield>
      <subfield code="a">manuscript</subfield>
      </datafield>
   <datafield tag="593" ind1=" " ind2=" ">
      <subfield code="8">5\c</subfield>
      <subfield code="a">manuscript</subfield>
      </datafield>
   <datafield tag="594" ind1=" " ind2=" ">
      <subfield code="a">Coro T (2), Coro B (2), vl 1, vl 2, vla, vlc, b, fl (2), ob (2), cl (2), fag (2), cor (4), tr (2), trb (3), fl.picc, timp</subfield>
   </datafield>
   <datafield tag="650" ind1="0" ind2="0">
      <subfield code="a">Cantatas</subfield>
   </datafield>
   <datafield tag="700" ind1="1" ind2=" ">
      <subfield code="8">2\c</subfield>
      <subfield code="a"/>
      <subfield code="0"/>
      <subfield code="4">scr</subfield>
   </datafield>
   <datafield tag="700" ind1="1" ind2=" ">
      <subfield code="8">3\c</subfield>
      <subfield code="a"/>
      <subfield code="0"/>
      <subfield code="4">scr</subfield>
   </datafield>
   <datafield tag="700" ind1="1" ind2=" ">
      <subfield code="8">4\c</subfield>
      <subfield code="a">Copyist 2</subfield>
      <subfield code="0">30035228</subfield>
      <subfield code="4">scr</subfield>
   </datafield>
   <datafield tag="700" ind1="1" ind2=" ">
      <subfield code="8">5\c</subfield>
      <subfield code="a"/>
      <subfield code="0"/>
      <subfield code="4">scr</subfield>
   </datafield>
   <datafield tag="700" ind1="1" ind2=" ">
      <subfield code="a">Salis-Seewis, Johann Gaudenz von</subfield>
      <subfield code="d">1762-1834</subfield>
      <subfield code="0">77076</subfield>
      <subfield code="4">lyr</subfield>
   </datafield>
   <datafield tag="700" ind1="1" ind2=" ">
      <subfield code="a">Schmidt, Carl Julius</subfield>
      <subfield code="0">30044137</subfield>
      <subfield code="4">dte</subfield>
   </datafield>
   <datafield tag="700" ind1="1" ind2=" ">
      <subfield code="a">Hess, Carl</subfield>
      <subfield code="d">1859-1912</subfield>
      <subfield code="0">30015140</subfield>
      <subfield code="4">fmo</subfield>
   </datafield>
   <datafield tag="852" ind1=" " ind2=" ">
      <subfield code="a">CH-BEl</subfield>
      <subfield code="c">SNL-Musik-Hess-1</subfield>
      <subfield code="x">30000004</subfield>
   </datafield>
   </record>