
<record>
   <leader>00000cdd#a2200000###4500</leader>
   <controlfield tag="001">402013100</controlfield>
   <controlfield tag="003">RISM</controlfield>
   <controlfield tag="005">20090101111111.0</controlfield>
   <controlfield tag="008">100214|||||||||gw |||||||||||||||||||||d</controlfield>
   <datafield tag="031" ind1=" " ind2=" ">
      <subfield code="a">1</subfield>
      <subfield code="b">1</subfield>
      <subfield code="c">1</subfield>
      <subfield code="d">Andante; Dolce</subfield>
      <subfield code="g">G-2</subfield>
      <subfield code="m">pf</subfield>
      <subfield code="o">2/4</subfield>
      <subfield code="p">'8G/''{EEEE}/4ED/8{FFFF}/4FE/</subfield>
      <subfield code="r">C</subfield>
      <subfield code="2">pe</subfield>
      <subfield code="u">32230905</subfield>
      </datafield>
   <datafield tag="100" ind1="1" ind2=" ">
      <subfield code="a">A. F.</subfield>
      <subfield code="0">30020442</subfield>
   </datafield>
   <datafield tag="240" ind1="1" ind2="0">
      <subfield code="a">Keyboard pieces</subfield>
      <subfield code="m">pf</subfield>
      <subfield code="r">C</subfield>
   </datafield>
   <datafield tag="245" ind1="1" ind2="0">
      <subfield code="a">[left before accolade:] N|r|o IX</subfield>
   </datafield>
   <datafield tag="300" ind1=" " ind2=" ">
      <subfield code="8">1\c</subfield>
      <subfield code="a">1 part: f.3v-4r</subfield>
      </datafield>
   <datafield tag="510" ind1="1" ind2=" ">
      <subfield code="a">RepertoriumSarnen</subfield>
      </datafield>
   <datafield tag="590" ind1=" " ind2=" ">
      <subfield code="8">1\c</subfield>
      <subfield code="a">pf</subfield>
   </datafield>
   <datafield tag="593" ind1=" " ind2=" ">
      <subfield code="8">1\c</subfield>
      <subfield code="a">print</subfield>
   </datafield>
   <datafield tag="594" ind1=" " ind2=" ">
      <subfield code="a">pf</subfield>
   </datafield>
   <datafield tag="650" ind1="0" ind2="0">
      <subfield code="a">Keyboard pieces</subfield>
   </datafield>
   <datafield tag="773" ind1="0" ind2=" ">
      <subfield code="a">402013091</subfield>
   </datafield>
   <datafield tag="852" ind1=" " ind2=" ">
      <subfield code="a">CH-SAf</subfield>
      <subfield code="c">MusSAf.Dr.69</subfield>
      <subfield code="x">30000011</subfield>
   </datafield>
   </record>