
<record>
   <leader>00000cdd#a2200000###4500</leader>
   <controlfield tag="001">400015079</controlfield>
   <controlfield tag="003">RISM</controlfield>
   <controlfield tag="005">20060823111111.0</controlfield>
   <controlfield tag="008">100214s1800||||gw |||||||||||||||||ger|d</controlfield>
   <datafield tag="031" ind1=" " ind2=" ">
      <subfield code="a">1</subfield>
      <subfield code="b">1</subfield>
      <subfield code="c">1</subfield>
      <subfield code="d">Allegro maestoso</subfield>
      <subfield code="e">Mercur</subfield>
      <subfield code="g">G-2</subfield>
      <subfield code="m">V</subfield>
      <subfield code="n">xFC</subfield>
      <subfield code="o">c</subfield>
      <subfield code="p">=15/''2D'xA/B4-B/B''2E8FG/4(D)</subfield>
      <subfield code="r">b</subfield>
      <subfield code="t">Der ist Mann der offen</subfield>
      <subfield code="2">pe</subfield>
      <subfield code="u">30511964</subfield>
      </datafield>
   <datafield tag="041" ind1=" " ind2=" ">
      <subfield code="a">ger</subfield>
   </datafield>
   <datafield tag="100" ind1="1" ind2=" ">
      <subfield code="a">Abeille, Johann Christian Ludwig</subfield>
      <subfield code="d">1761-1838</subfield>
      <subfield code="0">139</subfield>
   </datafield>
   <datafield tag="240" ind1="1" ind2="0">
      <subfield code="a">Amor und Psyche</subfield>
      <subfield code="k">Excerpts. Arr</subfield>
      <subfield code="m">V, pf</subfield>
      </datafield>
   <datafield tag="245" ind1="1" ind2="0">
      <subfield code="a">Aria von Abeille | aus d. Oper: Amor u. Psyche</subfield>
   </datafield>
   <datafield tag="260" ind1=" " ind2=" ">
      <subfield code="8">1\c</subfield>
      <subfield code="c">1800 (1800p)</subfield>
   </datafield>
   <datafield tag="300" ind1=" " ind2=" ">
      <subfield code="8">1\c</subfield>
      <subfield code="a">score: 6p.</subfield>
      <subfield code="c">in -4</subfield>
   </datafield>
   <datafield tag="518" ind1=" " ind2=" ">
      <subfield code="a">..1800 Stuttgart</subfield>
   </datafield>
   <datafield tag="593" ind1=" " ind2=" ">
      <subfield code="8">1\c</subfield>
      <subfield code="a">manuscript</subfield>
   </datafield>
   <datafield tag="594" ind1=" " ind2=" ">
      <subfield code="a">V, pf (orch)</subfield>
   </datafield>
   <datafield tag="650" ind1="0" ind2="0">
      <subfield code="a">Singspiele</subfield>
   </datafield>
   <datafield tag="852" ind1=" " ind2=" ">
      <subfield code="a">CH-W</subfield>
      <subfield code="c">BRH Ms 1049 A-C (Ms.7823)</subfield>
      <subfield code="x">30000013</subfield>
   </datafield>
   </record>