
<record>
   <leader>00000cdd#a2200000###4500</leader>
   <controlfield tag="001">400196756</controlfield>
   <controlfield tag="003">RISM</controlfield>
   <controlfield tag="005">20060823111111.0</controlfield>
   <controlfield tag="008">100214|||||||||gw |||||||||||||||||fre|d</controlfield>
   <datafield tag="031" ind1=" " ind2=" ">
      <subfield code="a">1</subfield>
      <subfield code="b">1</subfield>
      <subfield code="c">1</subfield>
      <subfield code="d">Duett.</subfield>
      <subfield code="g">C-1</subfield>
      <subfield code="m">S</subfield>
      <subfield code="o">3/4</subfield>
      <subfield code="p">''4.C8DC'BAG/2.G/4GG''C/8D'4.B</subfield>
      <subfield code="q">?</subfield>
      <subfield code="t">Pour mettre le repos</subfield>
      <subfield code="2">pe</subfield>
      <subfield code="u">30551795</subfield>
      </datafield>
   <datafield tag="041" ind1=" " ind2=" ">
      <subfield code="a">fre</subfield>
   </datafield>
   <datafield tag="100" ind1="1" ind2=" ">
      <subfield code="a">Abeille, Pierre-César</subfield>
      <subfield code="d">1674-1733p</subfield>
      <subfield code="0">30006254</subfield>
   </datafield>
   <datafield tag="240" ind1="1" ind2="0">
      <subfield code="a">Pour mettre le repos</subfield>
      <subfield code="m">V (2)</subfield>
      <subfield code="r">C</subfield>
   </datafield>
   <datafield tag="245" ind1="1" ind2="0">
      <subfield code="a">[without title]</subfield>
   </datafield>
   <datafield tag="300" ind1=" " ind2=" ">
      <subfield code="8">1\c</subfield>
      <subfield code="a">score</subfield>
      </datafield>
   <datafield tag="593" ind1=" " ind2=" ">
      <subfield code="8">1\c</subfield>
      <subfield code="a">manuscript</subfield>
   </datafield>
   <datafield tag="594" ind1=" " ind2=" ">
      <subfield code="a">V (2)</subfield>
   </datafield>
   <datafield tag="650" ind1="0" ind2="0">
      <subfield code="a">Airs (voc.)</subfield>
   </datafield>
   <datafield tag="773" ind1="0" ind2=" ">
      <subfield code="a">400061379</subfield>
   </datafield>
   <datafield tag="852" ind1=" " ind2=" ">
      <subfield code="a">CH-Sa</subfield>
      <subfield code="c">Rz 187/16 (Ms.11032)</subfield>
      <subfield code="x">30000232</subfield>
   </datafield>
   </record>