
<record>
   <leader>00000cdd#a2200000###4500</leader>
   <controlfield tag="001">403000757</controlfield>
   <controlfield tag="003">RISM</controlfield>
   <controlfield tag="005">20090120111111.0</controlfield>
   <controlfield tag="008">100214|||||||||gw |||||||||||||||||ger|d</controlfield>
   <datafield tag="031" ind1=" " ind2=" ">
      <subfield code="a">1</subfield>
      <subfield code="b">1</subfield>
      <subfield code="c">1</subfield>
      <subfield code="d">Allegro moderato</subfield>
      <subfield code="g">G-2</subfield>
      <subfield code="m">V</subfield>
      <subfield code="n">bBEA</subfield>
      <subfield code="o">c</subfield>
      <subfield code="p">4-/=3/2-8-(-)'GA/4B''E{8DC}'{BA}/4AG-</subfield>
      <subfield code="r">E|b</subfield>
      <subfield code="t">Fragt mich jemand was ist Minne</subfield>
      <subfield code="2">pe</subfield>
      <subfield code="u">30594517</subfield>
      </datafield>
   <datafield tag="041" ind1=" " ind2=" ">
      <subfield code="a">ger</subfield>
   </datafield>
   <datafield tag="100" ind1="1" ind2=" ">
      <subfield code="a">Abenheim, Joseph</subfield>
      <subfield code="d">1804-1891</subfield>
      <subfield code="0">317</subfield>
   </datafield>
   <datafield tag="240" ind1="1" ind2="0">
      <subfield code="a">Fragt mich jemand was ist Minne</subfield>
      <subfield code="m">V, pf</subfield>
      <subfield code="r">E|b</subfield>
   </datafield>
   <datafield tag="245" ind1="1" ind2="0">
      <subfield code="a">[caption title:] "Fragt mich Jemand, was ist Minne?" | Gedicht von Walther von der Vogelweide, | in Musik gesetzt | von | Joseph Abenheim. | Orpheon. | No.270. | 11.Werk. | No.1. | Eigenthum und Verlag von Karl Göpel in Stuttgart.</subfield>
   </datafield>
   <datafield tag="300" ind1=" " ind2=" ">
      <subfield code="8">1\c</subfield>
      <subfield code="a">1 part: p.12-13 (vol.8)</subfield>
      </datafield>
   <datafield tag="383" ind1=" " ind2=" ">
      <subfield code="b">op.11/1</subfield>
   </datafield>
   <datafield tag="590" ind1=" " ind2=" ">
      <subfield code="8">1\c</subfield>
      <subfield code="a">V and pf</subfield>
   </datafield>
   <datafield tag="593" ind1=" " ind2=" ">
      <subfield code="8">1\c</subfield>
      <subfield code="a">print</subfield>
   </datafield>
   <datafield tag="594" ind1=" " ind2=" ">
      <subfield code="a">V, pf</subfield>
   </datafield>
   <datafield tag="650" ind1="0" ind2="0">
      <subfield code="a">Lieder</subfield>
   </datafield>
   <datafield tag="700" ind1="1" ind2=" ">
      <subfield code="a">Walther von der Vogelweide</subfield>
      <subfield code="0">210579</subfield>
      <subfield code="4">lyr</subfield>
   </datafield>
   <datafield tag="773" ind1="0" ind2=" ">
      <subfield code="a">403000487</subfield>
   </datafield>
   <datafield tag="852" ind1=" " ind2=" ">
      <subfield code="a">CH-E</subfield>
      <subfield code="c">Mw 481</subfield>
      <subfield code="x">30000006</subfield>
   </datafield>
   </record>