
<record>
   <leader>00000cdd#a2200000###4500</leader>
   <controlfield tag="001">400039296</controlfield>
   <controlfield tag="003">RISM</controlfield>
   <controlfield tag="005">20090101111111.0</controlfield>
   <controlfield tag="008">100214|||||||||gw |||||||||||||||||||||d</controlfield>
   <datafield tag="031" ind1=" " ind2=" ">
      <subfield code="a">1</subfield>
      <subfield code="b">1</subfield>
      <subfield code="c">1</subfield>
      <subfield code="d">[3]. Allegro</subfield>
      <subfield code="g">G-2</subfield>
      <subfield code="m">vl 1</subfield>
      <subfield code="n">xFC</subfield>
      <subfield code="o">c</subfield>
      <subfield code="p">''4.A8F{DDDD}/{6DEFE}4D8-{D'''DC}/''4B2A'''{8DC}/</subfield>
      <subfield code="2">pe</subfield>
      <subfield code="u">32208771</subfield>
      </datafield>
   <datafield tag="031" ind1=" " ind2=" ">
      <subfield code="a">1</subfield>
      <subfield code="b">2</subfield>
      <subfield code="c">1</subfield>
      <subfield code="d">Allegro</subfield>
      <subfield code="o">2/4</subfield>
      <subfield code="u">32208772</subfield>
      </datafield>
   <datafield tag="100" ind1="1" ind2=" ">
      <subfield code="a">Abos, Girolamo</subfield>
      <subfield code="d">1715-1760</subfield>
      <subfield code="0">438</subfield>
   </datafield>
   <datafield tag="240" ind1="1" ind2="0">
      <subfield code="a">Quartets</subfield>
      <subfield code="m">vl (2), vla, b</subfield>
      <subfield code="r">D</subfield>
   </datafield>
   <datafield tag="245" ind1="1" ind2="0">
      <subfield code="a">[without title]</subfield>
   </datafield>
   <datafield tag="300" ind1=" " ind2=" ">
      <subfield code="8">1\c</subfield>
      <subfield code="a">4 parts</subfield>
      </datafield>
   <datafield tag="590" ind1=" " ind2=" ">
      <subfield code="8">1\c</subfield>
      <subfield code="a">vl 1, 2, vla, b</subfield>
   </datafield>
   <datafield tag="593" ind1=" " ind2=" ">
      <subfield code="8">1\c</subfield>
      <subfield code="a">manuscript</subfield>
   </datafield>
   <datafield tag="594" ind1=" " ind2=" ">
      <subfield code="a">vl 1, vl 2, vla, b</subfield>
   </datafield>
   <datafield tag="650" ind1="0" ind2="0">
      <subfield code="a">Quartets (instr.)</subfield>
   </datafield>
   <datafield tag="773" ind1="0" ind2=" ">
      <subfield code="a">400011273</subfield>
   </datafield>
   <datafield tag="852" ind1=" " ind2=" ">
      <subfield code="a">CH-E</subfield>
      <subfield code="c">70,10 (Ms.2294)</subfield>
      <subfield code="x">30000006</subfield>
   </datafield>
   </record>