
<record>
   <leader>00000cdd#a2200000###4500</leader>
   <controlfield tag="001">400006834</controlfield>
   <controlfield tag="003">RISM</controlfield>
   <controlfield tag="005">20080908111111.0</controlfield>
   <controlfield tag="008">100214k17001799gw |||||||||||||||||lat|d</controlfield>
   <datafield tag="031" ind1=" " ind2=" ">
      <subfield code="a">1</subfield>
      <subfield code="b">1</subfield>
      <subfield code="c">1</subfield>
      <subfield code="d">Allegro</subfield>
      <subfield code="g">C-1</subfield>
      <subfield code="m">S</subfield>
      <subfield code="n">xFC</subfield>
      <subfield code="o">c/</subfield>
      <subfield code="p">=32/2-4-'A/''2DD/1D/8DCFEDCFE/DCDEFEFG/</subfield>
      <subfield code="t">Benedictus, qui venit in nomine Domini hosanna in excelsis; Sia pur sdegnato il fato</subfield>
      <subfield code="2">pe</subfield>
      <subfield code="u">30489805</subfield>
      </datafield>
   <datafield tag="041" ind1=" " ind2=" ">
      <subfield code="a">lat</subfield>
   </datafield>
   <datafield tag="100" ind1="1" ind2=" ">
      <subfield code="a">Abos, Girolamo</subfield>
      <subfield code="d">1715-1760</subfield>
      <subfield code="0">438</subfield>
   </datafield>
   <datafield tag="240" ind1="1" ind2="0">
      <subfield code="a">Sia pur sdegnato il fato</subfield>
      <subfield code="m">S, strings</subfield>
      <subfield code="r">D</subfield>
   </datafield>
   <datafield tag="245" ind1="1" ind2="0">
      <subfield code="a">Sia pur sdegnato il Fato</subfield>
   </datafield>
   <datafield tag="260" ind1=" " ind2=" ">
      <subfield code="8">1\c</subfield>
      <subfield code="c">1700-1799 (18.sc)</subfield>
   </datafield>
   <datafield tag="300" ind1=" " ind2=" ">
      <subfield code="8">1\c</subfield>
      <subfield code="a">4 parts</subfield>
      <subfield code="c">in -4</subfield>
   </datafield>
   <datafield tag="500" ind1=" " ind2=" ">
      <subfield code="a">Vermerk in der vlc-Stimme: Del Sigre Girolamo / abos</subfield>
   </datafield>
   <datafield tag="590" ind1=" " ind2=" ">
      <subfield code="8">1\c</subfield>
      <subfield code="a">S, vl 1, 2, vlc</subfield>
   </datafield>
   <datafield tag="593" ind1=" " ind2=" ">
      <subfield code="8">1\c</subfield>
      <subfield code="a">manuscript</subfield>
   </datafield>
   <datafield tag="594" ind1=" " ind2=" ">
      <subfield code="a">S, vl 1, vl 2, vlc</subfield>
   </datafield>
   <datafield tag="650" ind1="0" ind2="0">
      <subfield code="a">Arias (voc.)</subfield>
   </datafield>
   <datafield tag="852" ind1=" " ind2=" ">
      <subfield code="a">CH-SAf</subfield>
      <subfield code="c">Musikbibl.A 17 (Ms.6666)</subfield>
      <subfield code="x">30000011</subfield>
   </datafield>
   </record>