
<record>
   <leader>00000cdd#a2200000###4500</leader>
   <controlfield tag="001">400012526</controlfield>
   <controlfield tag="003">RISM</controlfield>
   <controlfield tag="005">20060823111111.0</controlfield>
   <controlfield tag="008">100214|||||||||gw |||||||||||||||||lat|d</controlfield>
   <datafield tag="031" ind1=" " ind2=" ">
      <subfield code="a">1</subfield>
      <subfield code="b">1</subfield>
      <subfield code="c">1</subfield>
      <subfield code="d">Allegro</subfield>
      <subfield code="g">C-1</subfield>
      <subfield code="m">S</subfield>
      <subfield code="o">c</subfield>
      <subfield code="p">=4/''4C{6ED}{C'B}''4C8-qC'B/{''DC}DCq6E{8.F3GF}8EC/{DC}D</subfield>
      <subfield code="r">a</subfield>
      <subfield code="t">Kyrie, eleison Christe eleison Kyrie eleison</subfield>
      <subfield code="2">pe</subfield>
      <subfield code="u">30502060</subfield>
      </datafield>
   <datafield tag="031" ind1=" " ind2=" ">
      <subfield code="a">1</subfield>
      <subfield code="b">2</subfield>
      <subfield code="c">1</subfield>
      <subfield code="d">Vivace</subfield>
      <subfield code="o">3/4</subfield>
      <subfield code="t">Gloria, in excelsis Deo et in terra pax</subfield>
      <subfield code="u">30502061</subfield>
      </datafield>
   <datafield tag="031" ind1=" " ind2=" ">
      <subfield code="a">1</subfield>
      <subfield code="b">3</subfield>
      <subfield code="c">1</subfield>
      <subfield code="d">Duetto. Allegro moderato</subfield>
      <subfield code="o">3/8</subfield>
      <subfield code="t">Domine Deus rex caelestis</subfield>
      <subfield code="u">30502062</subfield>
      </datafield>
   <datafield tag="031" ind1=" " ind2=" ">
      <subfield code="a">1</subfield>
      <subfield code="b">4</subfield>
      <subfield code="c">1</subfield>
      <subfield code="d">Vivace</subfield>
      <subfield code="o">3/4</subfield>
      <subfield code="t">Cum sancto spiritu, in gloria Dei patris</subfield>
      <subfield code="u">30502063</subfield>
      </datafield>
   <datafield tag="031" ind1=" " ind2=" ">
      <subfield code="a">1</subfield>
      <subfield code="b">5</subfield>
      <subfield code="c">1</subfield>
      <subfield code="d">Allegro moderato</subfield>
      <subfield code="o">c</subfield>
      <subfield code="t">Credo, in unum Deum patrem omnipotentem</subfield>
      <subfield code="u">30502064</subfield>
      </datafield>
   <datafield tag="031" ind1=" " ind2=" ">
      <subfield code="a">1</subfield>
      <subfield code="b">6</subfield>
      <subfield code="c">1</subfield>
      <subfield code="d">Andante</subfield>
      <subfield code="o">3/4</subfield>
      <subfield code="t">Et incarnatus est</subfield>
      <subfield code="u">30502065</subfield>
      </datafield>
   <datafield tag="031" ind1=" " ind2=" ">
      <subfield code="a">1</subfield>
      <subfield code="b">7</subfield>
      <subfield code="c">1</subfield>
      <subfield code="o">c</subfield>
      <subfield code="t">Et vitam venturi saeculi, amen</subfield>
      <subfield code="u">30502066</subfield>
      </datafield>
   <datafield tag="031" ind1=" " ind2=" ">
      <subfield code="a">1</subfield>
      <subfield code="b">8</subfield>
      <subfield code="c">1</subfield>
      <subfield code="d">Lento</subfield>
      <subfield code="o">c</subfield>
      <subfield code="t">Sanctus, Dominus Deus Sabaoth</subfield>
      <subfield code="u">30502067</subfield>
      </datafield>
   <datafield tag="031" ind1=" " ind2=" ">
      <subfield code="a">1</subfield>
      <subfield code="b">9</subfield>
      <subfield code="c">1</subfield>
      <subfield code="d">Allegro</subfield>
      <subfield code="o">c</subfield>
      <subfield code="t">Pleni sunt caeli, et terra gloria tua</subfield>
      <subfield code="u">30502068</subfield>
      </datafield>
   <datafield tag="031" ind1=" " ind2=" ">
      <subfield code="a">1</subfield>
      <subfield code="b">10</subfield>
      <subfield code="c">1</subfield>
      <subfield code="d">Solo.</subfield>
      <subfield code="o">6/8</subfield>
      <subfield code="t">Benedictus, qui venit in nomine Domini hosanna in excelsis</subfield>
      <subfield code="u">30502069</subfield>
      </datafield>
   <datafield tag="031" ind1=" " ind2=" ">
      <subfield code="a">1</subfield>
      <subfield code="b">11</subfield>
      <subfield code="c">1</subfield>
      <subfield code="d">Adagio</subfield>
      <subfield code="o">c</subfield>
      <subfield code="t">Agnus Dei, qui tollis peccata mundi miserere nobis</subfield>
      <subfield code="u">30502070</subfield>
      </datafield>
   <datafield tag="031" ind1=" " ind2=" ">
      <subfield code="a">1</subfield>
      <subfield code="b">12</subfield>
      <subfield code="c">1</subfield>
      <subfield code="d">Dona nobis ut Kyrie.</subfield>
      <subfield code="t">Dona nobis pacem</subfield>
      <subfield code="u">30502071</subfield>
      </datafield>
   <datafield tag="041" ind1=" " ind2=" ">
      <subfield code="a">lat</subfield>
   </datafield>
   <datafield tag="100" ind1="1" ind2=" ">
      <subfield code="a">Abraham a Santa Clara</subfield>
      <subfield code="d">1644-1709</subfield>
      <subfield code="0">440</subfield>
   </datafield>
   <datafield tag="240" ind1="1" ind2="0">
      <subfield code="a">Masses</subfield>
      <subfield code="m">V (4), orch, org</subfield>
      <subfield code="r">C</subfield>
   </datafield>
   <datafield tag="245" ind1="1" ind2="0">
      <subfield code="a">Missa Solenis | in C. | für | Orgl 4 Singstimmen, 2 Violinen, 2 Hörner | u Bass. | von Abraham a Sancta Clara. | [...]</subfield>
   </datafield>
   <datafield tag="300" ind1=" " ind2=" ">
      <subfield code="8">1\c</subfield>
      <subfield code="a">10 parts</subfield>
      <subfield code="c">in quer-8</subfield>
   </datafield>
   <datafield tag="590" ind1=" " ind2=" ">
      <subfield code="8">1\c</subfield>
      <subfield code="a">S, A, T, B, vl 1, 2, vlc, b, clno or cor 1, 2</subfield>
   </datafield>
   <datafield tag="593" ind1=" " ind2=" ">
      <subfield code="8">1\c</subfield>
      <subfield code="a">manuscript</subfield>
   </datafield>
   <datafield tag="594" ind1=" " ind2=" ">
      <subfield code="a">S, A, T, B, vl 1, vl 2, vlc, b, cor (2), org</subfield>
   </datafield>
   <datafield tag="650" ind1="0" ind2="0">
      <subfield code="a">Masses</subfield>
   </datafield>
   <datafield tag="852" ind1=" " ind2=" ">
      <subfield code="a">CH-E</subfield>
      <subfield code="c">377,2 (Ms.3318)</subfield>
      <subfield code="x">30000006</subfield>
   </datafield>
   </record>