
<record>
   <leader>00000cdd#a2200000###4500</leader>
   <controlfield tag="001">403000380</controlfield>
   <controlfield tag="003">RISM</controlfield>
   <controlfield tag="005">20081222111111.0</controlfield>
   <controlfield tag="008">100214|||||||||gw |||||||||||||||||ger|d</controlfield>
   <datafield tag="031" ind1=" " ind2=" ">
      <subfield code="a">1</subfield>
      <subfield code="b">1</subfield>
      <subfield code="c">1</subfield>
      <subfield code="d">Langsam</subfield>
      <subfield code="g">G-2</subfield>
      <subfield code="m">S</subfield>
      <subfield code="n">bBEA</subfield>
      <subfield code="o">6/8</subfield>
      <subfield code="p">=2//'8.G6G8GAB''C/'4.B8''E--/</subfield>
      <subfield code="r">E|b</subfield>
      <subfield code="t">Herz und verlangst du nicht Ruhe</subfield>
      <subfield code="2">pe</subfield>
      <subfield code="u">30593769</subfield>
      </datafield>
   <datafield tag="041" ind1=" " ind2=" ">
      <subfield code="a">ger</subfield>
   </datafield>
   <datafield tag="100" ind1="1" ind2=" ">
      <subfield code="a">Abt, Franz Wilhelm</subfield>
      <subfield code="d">1819-1885</subfield>
      <subfield code="0">532</subfield>
   </datafield>
   <datafield tag="240" ind1="1" ind2="0">
      <subfield code="a">Abendlied</subfield>
      <subfield code="m">V (2), pf</subfield>
      <subfield code="r">E|b</subfield>
   </datafield>
   <datafield tag="245" ind1="1" ind2="0">
      <subfield code="a">[caption title:] No.15. | Abendlied. | Hoffmann von Fallersleben. | Franz Abt, Op.62 No.4.</subfield>
   </datafield>
   <datafield tag="300" ind1=" " ind2=" ">
      <subfield code="8">1\c</subfield>
      <subfield code="a">score (2x): p.44-45</subfield>
      </datafield>
   <datafield tag="383" ind1=" " ind2=" ">
      <subfield code="b">op.62/4</subfield>
   </datafield>
   <datafield tag="510" ind1="1" ind2=" ">
      <subfield code="a">SchweizerKomponisten</subfield>
      </datafield>
   <datafield tag="593" ind1=" " ind2=" ">
      <subfield code="8">1\c</subfield>
      <subfield code="a">print</subfield>
   </datafield>
   <datafield tag="594" ind1=" " ind2=" ">
      <subfield code="a">S, A, T (S), B (A), pf</subfield>
   </datafield>
   <datafield tag="650" ind1="0" ind2="0">
      <subfield code="a">Duets (voc.)</subfield>
   </datafield>
   <datafield tag="700" ind1="1" ind2=" ">
      <subfield code="a">Hoffmann von Fallersleben, August Heinrich</subfield>
      <subfield code="d">1798-1874</subfield>
      <subfield code="0">95806</subfield>
      <subfield code="4">lyr</subfield>
   </datafield>
   <datafield tag="773" ind1="0" ind2=" ">
      <subfield code="a">403000377</subfield>
   </datafield>
   <datafield tag="852" ind1=" " ind2=" ">
      <subfield code="a">CH-E</subfield>
      <subfield code="c">Ma 13</subfield>
      <subfield code="c">900,7</subfield>
      <subfield code="x">30000006</subfield>
   </datafield>
   </record>