
<record>
   <leader>00000cdd#a2200000###4500</leader>
   <controlfield tag="001">400101559</controlfield>
   <controlfield tag="003">RISM</controlfield>
   <controlfield tag="005">20060823111111.0</controlfield>
   <controlfield tag="008">100214|||||||||gw |||||||||||||||||ger|d</controlfield>
   <datafield tag="031" ind1=" " ind2=" ">
      <subfield code="a">1</subfield>
      <subfield code="b">1</subfield>
      <subfield code="c">1</subfield>
      <subfield code="d">Andantino</subfield>
      <subfield code="g">G-2</subfield>
      <subfield code="m">V</subfield>
      <subfield code="n">bBEADG</subfield>
      <subfield code="o">3/4</subfield>
      <subfield code="p">'4-/=3/4-4-8.F6G/4.A''8DFE/2D8C'B/4A{6A''D}{C'B}8.A6G/4F4-</subfield>
      <subfield code="r">D|b</subfield>
      <subfield code="t">Wenn die Schwalben hinüberziehn</subfield>
      <subfield code="2">pe</subfield>
      <subfield code="u">30526974</subfield>
      </datafield>
   <datafield tag="041" ind1=" " ind2=" ">
      <subfield code="a">ger</subfield>
   </datafield>
   <datafield tag="100" ind1="1" ind2=" ">
      <subfield code="a">Abt, Franz Wilhelm</subfield>
      <subfield code="d">1819-1885</subfield>
      <subfield code="0">532</subfield>
   </datafield>
   <datafield tag="240" ind1="1" ind2="0">
      <subfield code="a">Agathe</subfield>
      <subfield code="m">V, pf</subfield>
      <subfield code="r">D|b</subfield>
   </datafield>
   <datafield tag="245" ind1="1" ind2="0">
      <subfield code="a">[caption title:] Agathe v. F. Abt</subfield>
   </datafield>
   <datafield tag="300" ind1=" " ind2=" ">
      <subfield code="8">1\c</subfield>
      <subfield code="a">score: p.55</subfield>
      </datafield>
   <datafield tag="510" ind1="1" ind2=" ">
      <subfield code="a">SchweizerKomponisten</subfield>
      </datafield>
   <datafield tag="593" ind1=" " ind2=" ">
      <subfield code="8">1\c</subfield>
      <subfield code="a">manuscript</subfield>
   </datafield>
   <datafield tag="594" ind1=" " ind2=" ">
      <subfield code="a">pf, V</subfield>
   </datafield>
   <datafield tag="650" ind1="0" ind2="0">
      <subfield code="a">Lieder</subfield>
   </datafield>
   <datafield tag="773" ind1="0" ind2=" ">
      <subfield code="a">400101531</subfield>
   </datafield>
   <datafield tag="852" ind1=" " ind2=" ">
      <subfield code="a">CH-E</subfield>
      <subfield code="c">137,1</subfield>
      <subfield code="x">30000006</subfield>
   </datafield>
   </record>