
<record>
   <leader>00000cdd#a2200000###4500</leader>
   <controlfield tag="001">403000515</controlfield>
   <controlfield tag="003">RISM</controlfield>
   <controlfield tag="005">20090924111111.0</controlfield>
   <controlfield tag="008">100214|||||||||gw |||||||||||||||||ger|d</controlfield>
   <datafield tag="031" ind1=" " ind2=" ">
      <subfield code="a">1</subfield>
      <subfield code="b">1</subfield>
      <subfield code="c">1</subfield>
      <subfield code="d">Andantino</subfield>
      <subfield code="g">G-2</subfield>
      <subfield code="m">V</subfield>
      <subfield code="n">bBEADG</subfield>
      <subfield code="o">3/4</subfield>
      <subfield code="p">4-/=3/4--'8.F6G/4.A''8D8.F6E/2D</subfield>
      <subfield code="r">D|b</subfield>
      <subfield code="t">Wenn die Schwalben heimwärts ziehn; When the swallows homewards fly</subfield>
      <subfield code="2">pe</subfield>
      <subfield code="u">30594032</subfield>
      </datafield>
   <datafield tag="041" ind1=" " ind2=" ">
      <subfield code="a">ger</subfield>
   </datafield>
   <datafield tag="041" ind1=" " ind2=" ">
      <subfield code="a">eng</subfield>
   </datafield>
   <datafield tag="100" ind1="1" ind2=" ">
      <subfield code="a">Abt, Franz Wilhelm</subfield>
      <subfield code="d">1819-1885</subfield>
      <subfield code="0">532</subfield>
   </datafield>
   <datafield tag="240" ind1="1" ind2="0">
      <subfield code="a">Agathe</subfield>
      <subfield code="m">V, pf</subfield>
      <subfield code="r">D|b</subfield>
   </datafield>
   <datafield tag="245" ind1="1" ind2="0">
      <subfield code="a">[caption title:] Agathe. | Aus dem "Buch der Liebe" von G. Herlosssohn, | mit englischer Nachbildung der Worte von John Henry Gordon Esq., | in Musik gesetzt | von | Franz Abt. | Orpheon. | No.28. | 39.Werk. | No.1. | Eigenthum und Verlag von Karl Göpel in Stuttgart.</subfield>
   </datafield>
   <datafield tag="300" ind1=" " ind2=" ">
      <subfield code="8">1\c</subfield>
      <subfield code="a">1 part: p.60-62 (vol.1)</subfield>
      </datafield>
   <datafield tag="383" ind1=" " ind2=" ">
      <subfield code="b">op.39/1</subfield>
   </datafield>
   <datafield tag="500" ind1=" " ind2=" ">
      <subfield code="a">Englische Nachbildung der Worte von John Henry Gordon Esq.</subfield>
   </datafield>
   <datafield tag="510" ind1="1" ind2=" ">
      <subfield code="a">SchweizerKomponisten</subfield>
      </datafield>
   <datafield tag="590" ind1=" " ind2=" ">
      <subfield code="8">1\c</subfield>
      <subfield code="a">V and pf</subfield>
   </datafield>
   <datafield tag="593" ind1=" " ind2=" ">
      <subfield code="8">1\c</subfield>
      <subfield code="a">print</subfield>
   </datafield>
   <datafield tag="594" ind1=" " ind2=" ">
      <subfield code="a">V, pf</subfield>
   </datafield>
   <datafield tag="650" ind1="0" ind2="0">
      <subfield code="a">Lieder</subfield>
   </datafield>
   <datafield tag="700" ind1="1" ind2=" ">
      <subfield code="a">Herloßsohn, Georg Karl Reginald</subfield>
      <subfield code="d">1804-1849</subfield>
      <subfield code="0">74337</subfield>
      <subfield code="4">lyr</subfield>
   </datafield>
   <datafield tag="773" ind1="0" ind2=" ">
      <subfield code="a">403000487</subfield>
   </datafield>
   <datafield tag="852" ind1=" " ind2=" ">
      <subfield code="a">CH-E</subfield>
      <subfield code="c">Mw 481</subfield>
      <subfield code="x">30000006</subfield>
   </datafield>
   </record>