
<record>
   <leader>00000cdd#a2200000###4500</leader>
   <controlfield tag="001">402006959</controlfield>
   <controlfield tag="003">RISM</controlfield>
   <controlfield tag="005">20091021111111.0</controlfield>
   <controlfield tag="008">100214|||||||||gw |||||||||||||||||ger|d</controlfield>
   <datafield tag="031" ind1=" " ind2=" ">
      <subfield code="a">1</subfield>
      <subfield code="b">1</subfield>
      <subfield code="c">1</subfield>
      <subfield code="d">Maestoso</subfield>
      <subfield code="g">G-2</subfield>
      <subfield code="m">kornetto</subfield>
      <subfield code="n">bB</subfield>
      <subfield code="o">c</subfield>
      <subfield code="p">4-/2-4-'A/GF''2C/-4-C/'nBA''EC/4.A8G4FE/DC'nBbB/</subfield>
      <subfield code="r">F</subfield>
      <subfield code="2">pe</subfield>
      <subfield code="u">30590389</subfield>
      </datafield>
   <datafield tag="031" ind1=" " ind2=" ">
      <subfield code="a">1</subfield>
      <subfield code="b">2</subfield>
      <subfield code="c">1</subfield>
      <subfield code="d">[attacca].</subfield>
      <subfield code="g">G-2</subfield>
      <subfield code="m">T 1</subfield>
      <subfield code="n">bB</subfield>
      <subfield code="o">c</subfield>
      <subfield code="p">//:'4.C8F4FC/4.C8A4AF/FA''CD/2.E</subfield>
      <subfield code="r">F</subfield>
      <subfield code="t">All Deutschland auf mit Mut und Macht ruft dich dein Gott zum Streit</subfield>
      <subfield code="2">pe</subfield>
      <subfield code="u">30590390</subfield>
      </datafield>
   <datafield tag="041" ind1=" " ind2=" ">
      <subfield code="a">ger</subfield>
   </datafield>
   <datafield tag="100" ind1="1" ind2=" ">
      <subfield code="a">Abt, Franz Wilhelm</subfield>
      <subfield code="d">1819-1885</subfield>
      <subfield code="0">532</subfield>
   </datafield>
   <datafield tag="240" ind1="1" ind2="0">
      <subfield code="a">All Deutschland</subfield>
      <subfield code="m">Coro maschile, brasses, timp</subfield>
      <subfield code="r">F</subfield>
   </datafield>
   <datafield tag="245" ind1="1" ind2="0">
      <subfield code="a">[cover title:] G. Ed. Stehle | "All=Deutschland!" | Dichtung von Müller von der Werra | Festgesang | für vierstimmigen Männerchor | mit Begleitung v. Blechmusik | componirt von | Franz Abt Hofkapellmeister | in Braunschweig | op. 201 | [...]</subfield>
   </datafield>
   <datafield tag="300" ind1=" " ind2=" ">
      <subfield code="8">1\c</subfield>
      <subfield code="a">score: 19p.</subfield>
      <subfield code="c">24,5 x 17 cm</subfield>
   </datafield>
   <datafield tag="383" ind1=" " ind2=" ">
      <subfield code="b">op.201</subfield>
   </datafield>
   <datafield tag="500" ind1=" " ind2=" ">
      <subfield code="a">kornetto in B|b, tr in B|b, cor in F, timp in C and F</subfield>
   </datafield>
   <datafield tag="510" ind1="1" ind2=" ">
      <subfield code="a">RepertoriumSt.Gallen</subfield>
      </datafield>
   <datafield tag="593" ind1=" " ind2=" ">
      <subfield code="8">1\c</subfield>
      <subfield code="a">manuscript</subfield>
   </datafield>
   <datafield tag="594" ind1=" " ind2=" ">
      <subfield code="a">kornetto, piston, tb, timp, pf (orch), Coro T (2), Coro B (2), cor (4), tr (2), trb (3)</subfield>
   </datafield>
   <datafield tag="650" ind1="0" ind2="0">
      <subfield code="a">Sacred songs</subfield>
   </datafield>
   <datafield tag="700" ind1="1" ind2=" ">
      <subfield code="8">1\c</subfield>
      <subfield code="a">Stehle, Johann Gustav Eduard</subfield>
      <subfield code="0">123951</subfield>
      <subfield code="4">scr</subfield>
   </datafield>
   <datafield tag="700" ind1="1" ind2=" ">
      <subfield code="a">Müller von der Werra, Friedrich Konrad</subfield>
      <subfield code="d">1823-1881</subfield>
      <subfield code="0">118066</subfield>
      <subfield code="4">lyr</subfield>
   </datafield>
   <datafield tag="852" ind1=" " ind2=" ">
      <subfield code="a">CH-SGd</subfield>
      <subfield code="c">ArchDom 1/1</subfield>
      <subfield code="x">30000213</subfield>
   </datafield>
   </record>