
<record>
   <leader>00000cdd#a2200000###4500</leader>
   <controlfield tag="001">403001064</controlfield>
   <controlfield tag="003">RISM</controlfield>
   <controlfield tag="005">20091023111111.0</controlfield>
   <controlfield tag="008">100214|||||||||gw |||||||||||||||||ger|d</controlfield>
   <datafield tag="031" ind1=" " ind2=" ">
      <subfield code="a">1</subfield>
      <subfield code="b">1</subfield>
      <subfield code="c">1</subfield>
      <subfield code="d">Mäßig schnell</subfield>
      <subfield code="g">G-2</subfield>
      <subfield code="m">T 1 solo</subfield>
      <subfield code="n">xFCG</subfield>
      <subfield code="o">2/4</subfield>
      <subfield code="p">'8E/''8.C'6A{GA}{BG}/8AA4A/</subfield>
      <subfield code="r">A</subfield>
      <subfield code="t">Der freie Bauer hebt sein Glas</subfield>
      <subfield code="2">pe</subfield>
      <subfield code="u">30595156</subfield>
      </datafield>
   <datafield tag="041" ind1=" " ind2=" ">
      <subfield code="a">ger</subfield>
   </datafield>
   <datafield tag="100" ind1="1" ind2=" ">
      <subfield code="a">Abt, Franz Wilhelm</subfield>
      <subfield code="d">1819-1885</subfield>
      <subfield code="0">532</subfield>
   </datafield>
   <datafield tag="240" ind1="1" ind2="0">
      <subfield code="a">Bauern-Trinklied</subfield>
      <subfield code="m">T, Coro maschile</subfield>
      <subfield code="r">A</subfield>
   </datafield>
   <datafield tag="245" ind1="1" ind2="0">
      <subfield code="a">[caption title:] No.293. Bauern-Trinklied. | (Die Kirmes No.6.)</subfield>
   </datafield>
   <datafield tag="300" ind1=" " ind2=" ">
      <subfield code="8">1\c</subfield>
      <subfield code="a">score: p.24-25</subfield>
      </datafield>
   <datafield tag="383" ind1=" " ind2=" ">
      <subfield code="b">op.101/6</subfield>
   </datafield>
   <datafield tag="510" ind1="1" ind2=" ">
      <subfield code="a">SchweizerKomponisten</subfield>
      </datafield>
   <datafield tag="510" ind1="1" ind2=" ">
      <subfield code="a">ErnstundScherz</subfield>
      <subfield code="c">vol.4, no.293</subfield>
   </datafield>
   <datafield tag="593" ind1=" " ind2=" ">
      <subfield code="8">1\c</subfield>
      <subfield code="a">print</subfield>
   </datafield>
   <datafield tag="594" ind1=" " ind2=" ">
      <subfield code="a">T, Coro T (2), Coro B (2)</subfield>
   </datafield>
   <datafield tag="650" ind1="0" ind2="0">
      <subfield code="a">Partsongs</subfield>
   </datafield>
   <datafield tag="700" ind1="1" ind2=" ">
      <subfield code="a">Rollet, Hermann</subfield>
      <subfield code="d">1819-1904</subfield>
      <subfield code="0">175404</subfield>
      <subfield code="4">lyr</subfield>
   </datafield>
   <datafield tag="773" ind1="0" ind2=" ">
      <subfield code="a">403001058</subfield>
   </datafield>
   <datafield tag="852" ind1=" " ind2=" ">
      <subfield code="a">CH-E</subfield>
      <subfield code="c">134,20</subfield>
      <subfield code="x">30000006</subfield>
   </datafield>
   </record>