
<record>
   <leader>00000cdd#a2200000###4500</leader>
   <controlfield tag="001">403001308</controlfield>
   <controlfield tag="003">RISM</controlfield>
   <controlfield tag="005">20090903111111.0</controlfield>
   <controlfield tag="008">100214|||||||||gw |||||||||||||||||ger|d</controlfield>
   <datafield tag="031" ind1=" " ind2=" ">
      <subfield code="a">1</subfield>
      <subfield code="b">1</subfield>
      <subfield code="c">1</subfield>
      <subfield code="d">Lebhaft</subfield>
      <subfield code="g">G-2</subfield>
      <subfield code="m">T 1</subfield>
      <subfield code="o">c</subfield>
      <subfield code="p">'6G''8.C6D/4.E8C'8.G6G''8.C6E/4GE8.-</subfield>
      <subfield code="r">C</subfield>
      <subfield code="t">Das schöne Land das Land so hoch gepriesen</subfield>
      <subfield code="2">pe</subfield>
      <subfield code="u">30595688</subfield>
      </datafield>
   <datafield tag="041" ind1=" " ind2=" ">
      <subfield code="a">ger</subfield>
   </datafield>
   <datafield tag="100" ind1="1" ind2=" ">
      <subfield code="a">Abt, Franz Wilhelm</subfield>
      <subfield code="d">1819-1885</subfield>
      <subfield code="0">532</subfield>
   </datafield>
   <datafield tag="240" ind1="1" ind2="0">
      <subfield code="a">Das Vaterland</subfield>
      <subfield code="m">V (4), Coro maschile</subfield>
      <subfield code="r">C</subfield>
   </datafield>
   <datafield tag="245" ind1="1" ind2="0">
      <subfield code="a">[cover title:] Das Vaterland | für | 4-st. Männerchor | von | Fr. Abt</subfield>
   </datafield>
   <datafield tag="300" ind1=" " ind2=" ">
      <subfield code="8">1\c</subfield>
      <subfield code="a">8 parts: 1, 1, 1, 1, 1, 1, 1, 1p.</subfield>
      </datafield>
   <datafield tag="500" ind1=" " ind2=" ">
      <subfield code="a">Die Stimmen tragen Besitzervermerke</subfield>
   </datafield>
   <datafield tag="510" ind1="1" ind2=" ">
      <subfield code="a">SchweizerKomponisten</subfield>
      </datafield>
   <datafield tag="518" ind1=" " ind2=" ">
      <subfield code="a">Date of composition: 1884</subfield>
   </datafield>
   <datafield tag="590" ind1=" " ind2=" ">
      <subfield code="8">1\c</subfield>
      <subfield code="a">T 1 (2x), T 2 (2x), B 1 (2x), B 2 (2x)</subfield>
   </datafield>
   <datafield tag="593" ind1=" " ind2=" ">
      <subfield code="8">1\c</subfield>
      <subfield code="a">manuscript</subfield>
   </datafield>
   <datafield tag="594" ind1=" " ind2=" ">
      <subfield code="a">T (2), B (2), Coro T (2), Coro B (2)</subfield>
   </datafield>
   <datafield tag="650" ind1="0" ind2="0">
      <subfield code="a">Partsongs</subfield>
   </datafield>
   <datafield tag="700" ind1="1" ind2=" ">
      <subfield code="a">Nussbaumer</subfield>
      <subfield code="0">30044847</subfield>
      <subfield code="4">fmo</subfield>
   </datafield>
   <datafield tag="700" ind1="1" ind2=" ">
      <subfield code="a">Buntli</subfield>
      <subfield code="0">30044848</subfield>
      <subfield code="4">fmo</subfield>
   </datafield>
   <datafield tag="700" ind1="1" ind2=" ">
      <subfield code="a">Flüler, Adelhelm</subfield>
      <subfield code="0">30042005</subfield>
      <subfield code="4">fmo</subfield>
   </datafield>
   <datafield tag="700" ind1="1" ind2=" ">
      <subfield code="a">Suter, Joseph</subfield>
      <subfield code="0">30043154</subfield>
      <subfield code="4">fmo</subfield>
   </datafield>
   <datafield tag="700" ind1="1" ind2=" ">
      <subfield code="a">Weber, Joseph</subfield>
      <subfield code="0">272073</subfield>
      <subfield code="4">fmo</subfield>
   </datafield>
   <datafield tag="700" ind1="1" ind2=" ">
      <subfield code="a">Seiler</subfield>
      <subfield code="0">210525</subfield>
      <subfield code="4">fmo</subfield>
   </datafield>
   <datafield tag="852" ind1=" " ind2=" ">
      <subfield code="a">CH-E</subfield>
      <subfield code="c">131,10</subfield>
      <subfield code="x">30000006</subfield>
   </datafield>
   </record>