
<record>
   <leader>00000cdd#a2200000###4500</leader>
   <controlfield tag="001">403009756</controlfield>
   <controlfield tag="003">RISM</controlfield>
   <controlfield tag="005">20091023111111.0</controlfield>
   <controlfield tag="008">100214|||||||||gw |||||||||||||||||ger|d</controlfield>
   <datafield tag="031" ind1=" " ind2=" ">
      <subfield code="a">1</subfield>
      <subfield code="b">1</subfield>
      <subfield code="c">1</subfield>
      <subfield code="d">Gemäßigt</subfield>
      <subfield code="g">G-2</subfield>
      <subfield code="m">V</subfield>
      <subfield code="n">bBE</subfield>
      <subfield code="o">3/4</subfield>
      <subfield code="p">'8F{BA}/{8.6GA}4BG/GF</subfield>
      <subfield code="r">B|b</subfield>
      <subfield code="t">Nimm deine schönsten Melodien</subfield>
      <subfield code="2">pe</subfield>
      <subfield code="u">30615595</subfield>
      </datafield>
   <datafield tag="041" ind1=" " ind2=" ">
      <subfield code="a">ger</subfield>
   </datafield>
   <datafield tag="100" ind1="1" ind2=" ">
      <subfield code="a">Abt, Franz Wilhelm</subfield>
      <subfield code="d">1819-1885</subfield>
      <subfield code="0">532</subfield>
   </datafield>
   <datafield tag="240" ind1="1" ind2="0">
      <subfield code="a">Dem Vaterland</subfield>
      <subfield code="k">Arr</subfield>
      <subfield code="m">V, pf</subfield>
      <subfield code="r">B|b</subfield>
   </datafield>
   <datafield tag="245" ind1="1" ind2="0">
      <subfield code="a">[caption title:] 60. Dem Vaterland | J. J. Sprüngli (1801-1889) | Franz Abt (1819-1885)</subfield>
   </datafield>
   <datafield tag="300" ind1=" " ind2=" ">
      <subfield code="8">1\c</subfield>
      <subfield code="a">1 part: p.132-133</subfield>
      </datafield>
   <datafield tag="510" ind1="1" ind2=" ">
      <subfield code="a">SchweizerKomponisten</subfield>
      </datafield>
   <datafield tag="590" ind1=" " ind2=" ">
      <subfield code="8">1\c</subfield>
      <subfield code="a">V and pf</subfield>
   </datafield>
   <datafield tag="593" ind1=" " ind2=" ">
      <subfield code="8">1\c</subfield>
      <subfield code="a">print</subfield>
   </datafield>
   <datafield tag="594" ind1=" " ind2=" ">
      <subfield code="a">V, pf</subfield>
   </datafield>
   <datafield tag="650" ind1="0" ind2="0">
      <subfield code="a">Folk songs</subfield>
   </datafield>
   <datafield tag="700" ind1="1" ind2=" ">
      <subfield code="a">Niggli, Friedrich</subfield>
      <subfield code="d">1875-1959</subfield>
      <subfield code="0">102641</subfield>
      <subfield code="4">arr</subfield>
   </datafield>
   <datafield tag="700" ind1="1" ind2=" ">
      <subfield code="a">Sprüngli, Johann Jakob</subfield>
      <subfield code="d">1801-1889</subfield>
      <subfield code="0">30022936</subfield>
      <subfield code="4">lyr</subfield>
   </datafield>
   <datafield tag="773" ind1="0" ind2=" ">
      <subfield code="a">403009689</subfield>
   </datafield>
   <datafield tag="852" ind1=" " ind2=" ">
      <subfield code="a">CH-E</subfield>
      <subfield code="c">Mw 646,1</subfield>
      <subfield code="x">30000006</subfield>
   </datafield>
   </record>