
<record>
   <leader>00000cdd#a2200000###4500</leader>
   <controlfield tag="001">403013141</controlfield>
   <controlfield tag="003">RISM</controlfield>
   <controlfield tag="005">20091023111111.0</controlfield>
   <controlfield tag="008">100214|||||||||gw |||||||||||||||||ger|d</controlfield>
   <datafield tag="031" ind1=" " ind2=" ">
      <subfield code="a">1</subfield>
      <subfield code="b">1</subfield>
      <subfield code="c">1</subfield>
      <subfield code="d">Moderato</subfield>
      <subfield code="g">G-2</subfield>
      <subfield code="m">S 1 coro</subfield>
      <subfield code="n">xFC</subfield>
      <subfield code="o">3/4</subfield>
      <subfield code="p">'8A''DC/'8.B''6C4D'B/BAA/8.A6G4F{8.B6G}/4E8-</subfield>
      <subfield code="r">D</subfield>
      <subfield code="t">Nimm deine schönsten Melodien aus tiefster Brust hervor</subfield>
      <subfield code="2">pe</subfield>
      <subfield code="u">32235251</subfield>
      </datafield>
   <datafield tag="041" ind1=" " ind2=" ">
      <subfield code="a">ger</subfield>
   </datafield>
   <datafield tag="100" ind1="1" ind2=" ">
      <subfield code="a">Abt, Franz Wilhelm</subfield>
      <subfield code="d">1819-1885</subfield>
      <subfield code="0">532</subfield>
   </datafield>
   <datafield tag="240" ind1="1" ind2="0">
      <subfield code="a">Dem Vaterlande</subfield>
      <subfield code="m">V (3), Coro fanciulli</subfield>
      <subfield code="r">D</subfield>
   </datafield>
   <datafield tag="245" ind1="1" ind2="0">
      <subfield code="a">[caption title:] 83 A. Dem Vaterlande. | Fr. Abt.</subfield>
   </datafield>
   <datafield tag="300" ind1=" " ind2=" ">
      <subfield code="8">1\c</subfield>
      <subfield code="a">score: p.125-127</subfield>
      </datafield>
   <datafield tag="500" ind1=" " ind2=" ">
      <subfield code="a">Name des Textdichters am Schluss der Komposition</subfield>
   </datafield>
   <datafield tag="510" ind1="1" ind2=" ">
      <subfield code="a">SchweizerKomponisten</subfield>
      </datafield>
   <datafield tag="593" ind1=" " ind2=" ">
      <subfield code="8">1\c</subfield>
      <subfield code="a">print</subfield>
   </datafield>
   <datafield tag="594" ind1=" " ind2=" ">
      <subfield code="a">S (2), A, Coro S (2), Coro A</subfield>
   </datafield>
   <datafield tag="650" ind1="0" ind2="0">
      <subfield code="a">Partsongs</subfield>
   </datafield>
   <datafield tag="700" ind1="1" ind2=" ">
      <subfield code="a">Sprüngli, Johann Jakob</subfield>
      <subfield code="d">1801-1889</subfield>
      <subfield code="0">30022936</subfield>
      <subfield code="4">lyr</subfield>
   </datafield>
   <datafield tag="773" ind1="0" ind2=" ">
      <subfield code="a">403013057</subfield>
   </datafield>
   <datafield tag="852" ind1=" " ind2=" ">
      <subfield code="a">CH-E</subfield>
      <subfield code="c">Mw 2235</subfield>
      <subfield code="x">30000006</subfield>
   </datafield>
   </record>