
<record>
   <leader>00000cdd#a2200000###4500</leader>
   <controlfield tag="001">403012859</controlfield>
   <controlfield tag="003">RISM</controlfield>
   <controlfield tag="005">20090101111111.0</controlfield>
   <controlfield tag="008">100214|||||||||gw |||||||||||||||||ger|d</controlfield>
   <datafield tag="031" ind1=" " ind2=" ">
      <subfield code="a">1</subfield>
      <subfield code="b">1</subfield>
      <subfield code="c">1</subfield>
      <subfield code="d">Kräftig und entschlossen</subfield>
      <subfield code="g">G-2</subfield>
      <subfield code="m">T 1</subfield>
      <subfield code="n">bBEA</subfield>
      <subfield code="o">3/4</subfield>
      <subfield code="p">'4B/4.B''8CDE/4ECC/4.C8D8.nE6F/2F</subfield>
      <subfield code="r">E|b</subfield>
      <subfield code="t">Hervor du blanke Wehre und sich're mir mein Ziel</subfield>
      <subfield code="2">pe</subfield>
      <subfield code="u">32234677</subfield>
      </datafield>
   <datafield tag="041" ind1=" " ind2=" ">
      <subfield code="a">ger</subfield>
   </datafield>
   <datafield tag="100" ind1="1" ind2=" ">
      <subfield code="a">Abt, Franz Wilhelm</subfield>
      <subfield code="d">1819-1885</subfield>
      <subfield code="0">532</subfield>
   </datafield>
   <datafield tag="240" ind1="1" ind2="0">
      <subfield code="a">Des Kriegers Abschied</subfield>
      <subfield code="m">Coro maschile</subfield>
      <subfield code="r">E|b</subfield>
   </datafield>
   <datafield tag="245" ind1="1" ind2="0">
      <subfield code="a">[caption title:] 60. Des Kriegers Abschied. | F. Abt.</subfield>
   </datafield>
   <datafield tag="300" ind1=" " ind2=" ">
      <subfield code="8">1\c</subfield>
      <subfield code="a">score: p.143-145</subfield>
      </datafield>
   <datafield tag="500" ind1=" " ind2=" ">
      <subfield code="a">Vermerk am Schluss der Komposition: "Sprützehannes. / (J. Theiler.)"</subfield>
   </datafield>
   <datafield tag="510" ind1="1" ind2=" ">
      <subfield code="a">SchweizerKomponisten</subfield>
      </datafield>
   <datafield tag="593" ind1=" " ind2=" ">
      <subfield code="8">1\c</subfield>
      <subfield code="a">print</subfield>
   </datafield>
   <datafield tag="594" ind1=" " ind2=" ">
      <subfield code="a">Coro T (2), Coro B (2)</subfield>
   </datafield>
   <datafield tag="650" ind1="0" ind2="0">
      <subfield code="a">Partsongs</subfield>
   </datafield>
   <datafield tag="700" ind1="1" ind2=" ">
      <subfield code="a">Theiler, J.</subfield>
      <subfield code="0">30089576</subfield>
      <subfield code="4">lyr</subfield>
   </datafield>
   <datafield tag="773" ind1="0" ind2=" ">
      <subfield code="a">403012799</subfield>
   </datafield>
   <datafield tag="852" ind1=" " ind2=" ">
      <subfield code="a">CH-E</subfield>
      <subfield code="c">Mw 1431</subfield>
      <subfield code="x">30000006</subfield>
   </datafield>
   </record>