
<record>
   <leader>00000cdd#a2200000###4500</leader>
   <controlfield tag="001">400108660</controlfield>
   <controlfield tag="003">RISM</controlfield>
   <controlfield tag="005">20090101111111.0</controlfield>
   <controlfield tag="008">100214|||||||||gw |||||||||||||||||ger|d</controlfield>
   <datafield tag="031" ind1=" " ind2=" ">
      <subfield code="a">1</subfield>
      <subfield code="b">1</subfield>
      <subfield code="c">1</subfield>
      <subfield code="g">G-2</subfield>
      <subfield code="m">V 1</subfield>
      <subfield code="n">xFCG</subfield>
      <subfield code="o">6/8</subfield>
      <subfield code="p">8-/4-8'E''4.E/4-8'E''4E'8E/(''2.E)+/4E8-4-8E/4E'8A''4C'8E/{8FA}''D4C</subfield>
      <subfield code="r">A</subfield>
      <subfield code="t">Awake the dawn is here; Erwacht der Tag bricht an</subfield>
      <subfield code="2">pe</subfield>
      <subfield code="u">32209345</subfield>
      </datafield>
   <datafield tag="041" ind1=" " ind2=" ">
      <subfield code="a">ger</subfield>
   </datafield>
   <datafield tag="041" ind1=" " ind2=" ">
      <subfield code="a">eng</subfield>
   </datafield>
   <datafield tag="100" ind1="1" ind2=" ">
      <subfield code="a">Abt, Franz Wilhelm</subfield>
      <subfield code="d">1819-1885</subfield>
      <subfield code="0">532</subfield>
   </datafield>
   <datafield tag="240" ind1="1" ind2="0">
      <subfield code="a">Erwacht der Tag bricht an</subfield>
      <subfield code="m">Coro femminile, pf</subfield>
      <subfield code="r">A</subfield>
   </datafield>
   <datafield tag="245" ind1="1" ind2="0">
      <subfield code="a">[score, caption title:] 2. Erwacht! Erwacht! der Tag bricht an. | (Hermann Francke) | Awake! Awake! The Dawn is here | (Edward Oxenford.)</subfield>
   </datafield>
   <datafield tag="300" ind1=" " ind2=" ">
      <subfield code="8">1\c</subfield>
      <subfield code="a">score: p.5-9</subfield>
      </datafield>
   <datafield tag="300" ind1=" " ind2=" ">
      <subfield code="8">2\c</subfield>
      <subfield code="a">17 parts: p.3-5, 3-5, 3-5, 3-5, 3-5, 3-5, 3-5, 3-5, 3-5, 3-5, 3-5, 3-5, 3-5, 3-5, 3-5, 3-5, 3-5</subfield>
      </datafield>
   <datafield tag="383" ind1=" " ind2=" ">
      <subfield code="b">op.548/2</subfield>
   </datafield>
   <datafield tag="510" ind1="1" ind2=" ">
      <subfield code="a">RepertoriumBeromünst</subfield>
      </datafield>
   <datafield tag="590" ind1=" " ind2=" ">
      <subfield code="8">2\c</subfield>
      <subfield code="a">V 1 (7x), V 2 (5x), V 3 (5x)</subfield>
      </datafield>
   <datafield tag="593" ind1=" " ind2=" ">
      <subfield code="8">1\c</subfield>
      <subfield code="a">print</subfield>
   </datafield>
   <datafield tag="593" ind1=" " ind2=" ">
      <subfield code="8">2\c</subfield>
      <subfield code="a">print</subfield>
      </datafield>
   <datafield tag="594" ind1=" " ind2=" ">
      <subfield code="a">Coro S (2), Coro A, pf</subfield>
   </datafield>
   <datafield tag="650" ind1="0" ind2="0">
      <subfield code="a">Partsongs</subfield>
   </datafield>
   <datafield tag="700" ind1="1" ind2=" ">
      <subfield code="a">Oxenford, Edward</subfield>
      <subfield code="0">30088987</subfield>
      <subfield code="4">lyr</subfield>
   </datafield>
   <datafield tag="700" ind1="1" ind2=" ">
      <subfield code="a">Francke, Hermann</subfield>
      <subfield code="0">30046122</subfield>
      <subfield code="4">lyr</subfield>
   </datafield>
   <datafield tag="730" ind1="0" ind2=" ">
      <subfield code="a">Awake the dawn is here</subfield>
   </datafield>
   <datafield tag="773" ind1="0" ind2=" ">
      <subfield code="a">400108658</subfield>
   </datafield>
   <datafield tag="852" ind1=" " ind2=" ">
      <subfield code="a">CH-BM</subfield>
      <subfield code="c">Mus.Dr.II.3</subfield>
      <subfield code="x">30000005</subfield>
   </datafield>
   </record>