
<record>
   <leader>00000cdd#a2200000###4500</leader>
   <controlfield tag="001">403000434</controlfield>
   <controlfield tag="003">RISM</controlfield>
   <controlfield tag="005">20060823111111.0</controlfield>
   <controlfield tag="008">100214|||||||||gw |||||||||||||||||ger|d</controlfield>
   <datafield tag="031" ind1=" " ind2=" ">
      <subfield code="a">1</subfield>
      <subfield code="b">1</subfield>
      <subfield code="c">1</subfield>
      <subfield code="d">Lebhaft</subfield>
      <subfield code="g">G-2</subfield>
      <subfield code="m">S 1</subfield>
      <subfield code="o">6/8</subfield>
      <subfield code="p">''8C/4E8D4C8E/4G8F4E</subfield>
      <subfield code="r">C</subfield>
      <subfield code="t">Aus engem Haus hinaus</subfield>
      <subfield code="2">pe</subfield>
      <subfield code="u">30593875</subfield>
      </datafield>
   <datafield tag="041" ind1=" " ind2=" ">
      <subfield code="a">ger</subfield>
   </datafield>
   <datafield tag="100" ind1="1" ind2=" ">
      <subfield code="a">Abt, Franz Wilhelm</subfield>
      <subfield code="d">1819-1885</subfield>
      <subfield code="0">532</subfield>
   </datafield>
   <datafield tag="240" ind1="1" ind2="0">
      <subfield code="a">Frühlingslied</subfield>
      <subfield code="m">Coro fanciulli</subfield>
      <subfield code="r">C</subfield>
   </datafield>
   <datafield tag="245" ind1="1" ind2="0">
      <subfield code="a">[caption title:] 8. Frühlingslied.</subfield>
   </datafield>
   <datafield tag="300" ind1=" " ind2=" ">
      <subfield code="8">1\c</subfield>
      <subfield code="a">score: p.10</subfield>
      </datafield>
   <datafield tag="510" ind1="1" ind2=" ">
      <subfield code="a">SchweizerKomponisten</subfield>
      </datafield>
   <datafield tag="593" ind1=" " ind2=" ">
      <subfield code="8">1\c</subfield>
      <subfield code="a">print</subfield>
   </datafield>
   <datafield tag="594" ind1=" " ind2=" ">
      <subfield code="a">Coro S (2), Coro A</subfield>
   </datafield>
   <datafield tag="650" ind1="0" ind2="0">
      <subfield code="a">Songs</subfield>
   </datafield>
   <datafield tag="773" ind1="0" ind2=" ">
      <subfield code="a">403000426</subfield>
   </datafield>
   <datafield tag="852" ind1=" " ind2=" ">
      <subfield code="a">CH-E</subfield>
      <subfield code="c">301,14</subfield>
      <subfield code="x">30000006</subfield>
   </datafield>
   </record>