
<record>
   <leader>00000cdd#a2200000###4500</leader>
   <controlfield tag="001">403001022</controlfield>
   <controlfield tag="003">RISM</controlfield>
   <controlfield tag="005">20080510111111.0</controlfield>
   <controlfield tag="008">100214|||||||||gw |||||||||||||||||ger|d</controlfield>
   <datafield tag="031" ind1=" " ind2=" ">
      <subfield code="a">1</subfield>
      <subfield code="b">1</subfield>
      <subfield code="c">1</subfield>
      <subfield code="d">Andantino</subfield>
      <subfield code="g">G-2</subfield>
      <subfield code="m">V</subfield>
      <subfield code="n">bBE</subfield>
      <subfield code="o">c</subfield>
      <subfield code="p">2-4-'F/E8.D6D4D8FB/4.A8G2F/</subfield>
      <subfield code="r">B|b</subfield>
      <subfield code="t">All' Abend bevor ich zur Ruhe geh'</subfield>
      <subfield code="2">pe</subfield>
      <subfield code="u">30595049</subfield>
      </datafield>
   <datafield tag="041" ind1=" " ind2=" ">
      <subfield code="a">ger</subfield>
   </datafield>
   <datafield tag="100" ind1="1" ind2=" ">
      <subfield code="a">Abt, Franz Wilhelm</subfield>
      <subfield code="d">1819-1885</subfield>
      <subfield code="0">532</subfield>
   </datafield>
   <datafield tag="240" ind1="1" ind2="0">
      <subfield code="a">Gute Nacht du mein herziges Kind</subfield>
      <subfield code="m">V, pf</subfield>
      <subfield code="r">B|b</subfield>
   </datafield>
   <datafield tag="245" ind1="1" ind2="0">
      <subfield code="a">[cover title:] Gute Nacht du mein herziges Kind | Gedicht von Seyffardt | für eine Singstimme mit Begleitung des Pianoforte | componirt und | Herrn Theodor Wachtel | königl. Preuss. Hofopernsänger | gewidmet | von | Franz Abt | Op.137. No.2. | Verlag &amp; Eigenthum für alle Länder ausser England | von Johann André, Offenbach a./Main.</subfield>
   </datafield>
   <datafield tag="300" ind1=" " ind2=" ">
      <subfield code="8">1\c</subfield>
      <subfield code="a">4 parts: 5, 5, 1, 1p.</subfield>
      <subfield code="c">34,5 x 27 cm</subfield>
   </datafield>
   <datafield tag="383" ind1=" " ind2=" ">
      <subfield code="b">op.137/2</subfield>
   </datafield>
   <datafield tag="510" ind1="1" ind2=" ">
      <subfield code="a">SchweizerKomponisten</subfield>
      </datafield>
   <datafield tag="590" ind1=" " ind2=" ">
      <subfield code="8">1\c</subfield>
      <subfield code="a">V and pf (2x), V (2x)</subfield>
   </datafield>
   <datafield tag="593" ind1=" " ind2=" ">
      <subfield code="8">1\c</subfield>
      <subfield code="a">print</subfield>
   </datafield>
   <datafield tag="594" ind1=" " ind2=" ">
      <subfield code="a">A, B (A), pf</subfield>
   </datafield>
   <datafield tag="650" ind1="0" ind2="0">
      <subfield code="a">Lieder</subfield>
   </datafield>
   <datafield tag="700" ind1="1" ind2=" ">
      <subfield code="a">Seyffardt, Ludwig Friedrich</subfield>
      <subfield code="0">30044782</subfield>
      <subfield code="4">lyr</subfield>
   </datafield>
   <datafield tag="700" ind1="1" ind2=" ">
      <subfield code="a">Wachtel, Theodor</subfield>
      <subfield code="d">1823-1893</subfield>
      <subfield code="0">109379</subfield>
      <subfield code="4">dte</subfield>
   </datafield>
   <datafield tag="852" ind1=" " ind2=" ">
      <subfield code="a">CH-E</subfield>
      <subfield code="c">95,59</subfield>
      <subfield code="x">30000006</subfield>
   </datafield>
   </record>