
<record>
   <leader>00000cdd#a2200000###4500</leader>
   <controlfield tag="001">402005663</controlfield>
   <controlfield tag="003">RISM</controlfield>
   <controlfield tag="005">20060823111111.0</controlfield>
   <controlfield tag="008">100214|||||||||gw |||||||||||||||||fre|d</controlfield>
   <datafield tag="031" ind1=" " ind2=" ">
      <subfield code="a">1</subfield>
      <subfield code="b">1</subfield>
      <subfield code="c">1</subfield>
      <subfield code="d">Lent</subfield>
      <subfield code="g">G-2</subfield>
      <subfield code="m">T 1</subfield>
      <subfield code="n">bB</subfield>
      <subfield code="o">3/4</subfield>
      <subfield code="p">''4C/FC'A/2G4A/8.B6nB''4DC/'B8AAnBB/''4C</subfield>
      <subfield code="r">F</subfield>
      <subfield code="t">J'aime du soir les pures harmonies et les parfums; La fleur aussi se penche sur sa tige; Quand du couchant l'éclat pourpré s'allume</subfield>
      <subfield code="2">pe</subfield>
      <subfield code="u">30585749</subfield>
      </datafield>
   <datafield tag="041" ind1=" " ind2=" ">
      <subfield code="a">fre</subfield>
   </datafield>
   <datafield tag="100" ind1="1" ind2=" ">
      <subfield code="a">Abt, Franz Wilhelm</subfield>
      <subfield code="d">1819-1885</subfield>
      <subfield code="0">532</subfield>
   </datafield>
   <datafield tag="240" ind1="1" ind2="0">
      <subfield code="a">Harmonies du soir</subfield>
      <subfield code="m">Coro maschile</subfield>
      <subfield code="r">F</subfield>
   </datafield>
   <datafield tag="245" ind1="1" ind2="0">
      <subfield code="a">[caption title:] N|o 28. Harmonies du soir. | Paroles de L|s Durand | Musique de F. Abt.</subfield>
   </datafield>
   <datafield tag="300" ind1=" " ind2=" ">
      <subfield code="8">1\c</subfield>
      <subfield code="a">score: p.70-71</subfield>
      </datafield>
   <datafield tag="500" ind1=" " ind2=" ">
      <subfield code="a">Lithographie</subfield>
   </datafield>
   <datafield tag="593" ind1=" " ind2=" ">
      <subfield code="8">1\c</subfield>
      <subfield code="a">print</subfield>
   </datafield>
   <datafield tag="594" ind1=" " ind2=" ">
      <subfield code="a">Coro T (2), Coro B (2)</subfield>
   </datafield>
   <datafield tag="650" ind1="0" ind2="0">
      <subfield code="a">Partsongs</subfield>
   </datafield>
   <datafield tag="700" ind1="1" ind2=" ">
      <subfield code="a">Durand, Louis</subfield>
      <subfield code="0">30043870</subfield>
      <subfield code="4">lyr</subfield>
   </datafield>
   <datafield tag="773" ind1="0" ind2=" ">
      <subfield code="a">402005640</subfield>
   </datafield>
   <datafield tag="852" ind1=" " ind2=" ">
      <subfield code="a">CH-LAcu</subfield>
      <subfield code="c">FHP I/1</subfield>
      <subfield code="x">30000526</subfield>
   </datafield>
   </record>