
<record>
   <leader>00000cdd#a2200000###4500</leader>
   <controlfield tag="001">403007985</controlfield>
   <controlfield tag="003">RISM</controlfield>
   <controlfield tag="005">20091002111111.0</controlfield>
   <controlfield tag="008">100214|||||||||gw |||||||||||||||||ger|d</controlfield>
   <datafield tag="031" ind1=" " ind2=" ">
      <subfield code="a">1</subfield>
      <subfield code="b">1</subfield>
      <subfield code="c">1</subfield>
      <subfield code="d">Im Volkston</subfield>
      <subfield code="g">G-2</subfield>
      <subfield code="m">T 1</subfield>
      <subfield code="n">bBEADGC</subfield>
      <subfield code="o">3/4</subfield>
      <subfield code="p">'4BB''E/4.D'8A''4C/</subfield>
      <subfield code="r">G|b</subfield>
      <subfield code="t">Herziges Schätzle du</subfield>
      <subfield code="2">pe</subfield>
      <subfield code="u">30610796</subfield>
      </datafield>
   <datafield tag="041" ind1=" " ind2=" ">
      <subfield code="a">ger</subfield>
   </datafield>
   <datafield tag="100" ind1="1" ind2=" ">
      <subfield code="a">Abt, Franz Wilhelm</subfield>
      <subfield code="d">1819-1885</subfield>
      <subfield code="0">532</subfield>
   </datafield>
   <datafield tag="240" ind1="1" ind2="0">
      <subfield code="a">Herziges Schätzle du</subfield>
      <subfield code="m">B, Coro maschile</subfield>
      <subfield code="r">G|b</subfield>
   </datafield>
   <datafield tag="245" ind1="1" ind2="0">
      <subfield code="a">[caption title:] Nro. 2. Herziges Schätzle du! | (Schwäbisch). | Der "Sängerrunde Bodan" in Konstanz gewidmet. | Komp. von Franz Abt. op. 609.2. | Gedicht von W. Osterwald.</subfield>
   </datafield>
   <datafield tag="300" ind1=" " ind2=" ">
      <subfield code="8">1\c</subfield>
      <subfield code="a">score: p.7-8</subfield>
      </datafield>
   <datafield tag="383" ind1=" " ind2=" ">
      <subfield code="b">op.609/2</subfield>
   </datafield>
   <datafield tag="510" ind1="1" ind2=" ">
      <subfield code="a">SchweizerKomponisten</subfield>
      </datafield>
   <datafield tag="593" ind1=" " ind2=" ">
      <subfield code="8">1\c</subfield>
      <subfield code="a">print</subfield>
   </datafield>
   <datafield tag="594" ind1=" " ind2=" ">
      <subfield code="a">B, Coro T (2), Coro B (2)</subfield>
   </datafield>
   <datafield tag="650" ind1="0" ind2="0">
      <subfield code="a">Partsongs</subfield>
   </datafield>
   <datafield tag="700" ind1="1" ind2=" ">
      <subfield code="a">Osterwald, Wilhelm</subfield>
      <subfield code="d">1820-1887</subfield>
      <subfield code="0">116720</subfield>
      <subfield code="4">lyr</subfield>
   </datafield>
   <datafield tag="700" ind1="1" ind2=" ">
      <subfield code="a">Sängerrunde Bodan Konstanz</subfield>
      <subfield code="0">30045743</subfield>
      <subfield code="4">dte</subfield>
   </datafield>
   <datafield tag="773" ind1="0" ind2=" ">
      <subfield code="a">403007981</subfield>
   </datafield>
   <datafield tag="852" ind1=" " ind2=" ">
      <subfield code="a">CH-E</subfield>
      <subfield code="c">301,10</subfield>
      <subfield code="x">30000006</subfield>
   </datafield>
   </record>