
<record>
   <leader>00000cdd#a2200000###4500</leader>
   <controlfield tag="001">403007986</controlfield>
   <controlfield tag="003">RISM</controlfield>
   <controlfield tag="005">20060823111111.0</controlfield>
   <controlfield tag="008">100214|||||||||gw |||||||||||||||||ger|d</controlfield>
   <datafield tag="031" ind1=" " ind2=" ">
      <subfield code="a">1</subfield>
      <subfield code="b">1</subfield>
      <subfield code="c">1</subfield>
      <subfield code="d">Mäßig belebt</subfield>
      <subfield code="g">G-2</subfield>
      <subfield code="m">T 1 coro</subfield>
      <subfield code="n">bBEA</subfield>
      <subfield code="o">3/4</subfield>
      <subfield code="p">''6E/4..E6E({8E'A}''C)/4C'B</subfield>
      <subfield code="r">E|b</subfield>
      <subfield code="t">Im Wald auf blum'gen Matten</subfield>
      <subfield code="2">pe</subfield>
      <subfield code="u">30610798</subfield>
      </datafield>
   <datafield tag="041" ind1=" " ind2=" ">
      <subfield code="a">ger</subfield>
   </datafield>
   <datafield tag="100" ind1="1" ind2=" ">
      <subfield code="a">Abt, Franz Wilhelm</subfield>
      <subfield code="d">1819-1885</subfield>
      <subfield code="0">532</subfield>
   </datafield>
   <datafield tag="240" ind1="1" ind2="0">
      <subfield code="a">Im Wald auf blum'gen Matten</subfield>
      <subfield code="m">V (2), Coro maschile</subfield>
      <subfield code="r">E|b</subfield>
   </datafield>
   <datafield tag="245" ind1="1" ind2="0">
      <subfield code="a">[caption title:] Nro. 3. Im Wald, auf blum'gen Matten. | Der "Sängerrunde Bodan" in Konstanz gewidmet. | Komp. von Franz Abt. op. 609.3. | Gedicht von Rudolf Kolbe.</subfield>
   </datafield>
   <datafield tag="300" ind1=" " ind2=" ">
      <subfield code="8">1\c</subfield>
      <subfield code="a">score: p.8-11</subfield>
      </datafield>
   <datafield tag="383" ind1=" " ind2=" ">
      <subfield code="b">op.609/3</subfield>
   </datafield>
   <datafield tag="510" ind1="1" ind2=" ">
      <subfield code="a">SchweizerKomponisten</subfield>
      </datafield>
   <datafield tag="593" ind1=" " ind2=" ">
      <subfield code="8">1\c</subfield>
      <subfield code="a">print</subfield>
   </datafield>
   <datafield tag="594" ind1=" " ind2=" ">
      <subfield code="a">T, B, Coro T (2), Coro B (2)</subfield>
   </datafield>
   <datafield tag="650" ind1="0" ind2="0">
      <subfield code="a">Partsongs</subfield>
   </datafield>
   <datafield tag="700" ind1="1" ind2=" ">
      <subfield code="a">Kolbe, Rudolf</subfield>
      <subfield code="0">30045744</subfield>
      <subfield code="4">lyr</subfield>
   </datafield>
   <datafield tag="700" ind1="1" ind2=" ">
      <subfield code="a">Sängerrunde Bodan Konstanz</subfield>
      <subfield code="0">30045743</subfield>
      <subfield code="4">dte</subfield>
   </datafield>
   <datafield tag="773" ind1="0" ind2=" ">
      <subfield code="a">403007981</subfield>
   </datafield>
   <datafield tag="852" ind1=" " ind2=" ">
      <subfield code="a">CH-E</subfield>
      <subfield code="c">301,10</subfield>
      <subfield code="x">30000006</subfield>
   </datafield>
   </record>