
<record>
   <leader>00000cdd#a2200000###4500</leader>
   <controlfield tag="001">403000399</controlfield>
   <controlfield tag="003">RISM</controlfield>
   <controlfield tag="005">20060823111111.0</controlfield>
   <controlfield tag="008">100214|||||||||gw |||||||||||||||||ger|d</controlfield>
   <datafield tag="031" ind1=" " ind2=" ">
      <subfield code="a">1</subfield>
      <subfield code="b">1</subfield>
      <subfield code="c">1</subfield>
      <subfield code="d">Agitato</subfield>
      <subfield code="g">G-2</subfield>
      <subfield code="m">V</subfield>
      <subfield code="n">bB</subfield>
      <subfield code="o">9/8</subfield>
      <subfield code="p">=3/4-8-4-8-4-'8A/4.A+4A8G{FE}D/4C+{6CD}4C8-4-</subfield>
      <subfield code="r">F</subfield>
      <subfield code="t">Hinaus in weite Ferne</subfield>
      <subfield code="2">pe</subfield>
      <subfield code="u">30593806</subfield>
      </datafield>
   <datafield tag="041" ind1=" " ind2=" ">
      <subfield code="a">ger</subfield>
   </datafield>
   <datafield tag="100" ind1="1" ind2=" ">
      <subfield code="a">Abt, Franz Wilhelm</subfield>
      <subfield code="d">1819-1885</subfield>
      <subfield code="0">532</subfield>
   </datafield>
   <datafield tag="240" ind1="1" ind2="0">
      <subfield code="a">Mit dir</subfield>
      <subfield code="m">V, pf</subfield>
      <subfield code="r">F</subfield>
   </datafield>
   <datafield tag="245" ind1="1" ind2="0">
      <subfield code="a">[caption title:] 9. | Mit dir. | Aus der Novelle: "Der Fürst des Kaukasus." | Op.149. No.1.</subfield>
   </datafield>
   <datafield tag="300" ind1=" " ind2=" ">
      <subfield code="8">1\c</subfield>
      <subfield code="a">1 part: p.26-31</subfield>
      </datafield>
   <datafield tag="383" ind1=" " ind2=" ">
      <subfield code="b">op.149/1</subfield>
   </datafield>
   <datafield tag="510" ind1="1" ind2=" ">
      <subfield code="a">SchweizerKomponisten</subfield>
      </datafield>
   <datafield tag="590" ind1=" " ind2=" ">
      <subfield code="8">1\c</subfield>
      <subfield code="a">V and pf</subfield>
   </datafield>
   <datafield tag="593" ind1=" " ind2=" ">
      <subfield code="8">1\c</subfield>
      <subfield code="a">print</subfield>
   </datafield>
   <datafield tag="594" ind1=" " ind2=" ">
      <subfield code="a">A, B (A), pf</subfield>
   </datafield>
   <datafield tag="650" ind1="0" ind2="0">
      <subfield code="a">Lieder</subfield>
   </datafield>
   <datafield tag="773" ind1="0" ind2=" ">
      <subfield code="a">403000390</subfield>
   </datafield>
   <datafield tag="852" ind1=" " ind2=" ">
      <subfield code="a">CH-E</subfield>
      <subfield code="c">Ma 287 [part 1]</subfield>
      <subfield code="c">Mw 540,15.1 [part 2]</subfield>
      <subfield code="x">30000006</subfield>
   </datafield>
   </record>