
<record>
   <leader>00000cdd#a2200000###4500</leader>
   <controlfield tag="001">403001082</controlfield>
   <controlfield tag="003">RISM</controlfield>
   <controlfield tag="005">20060823111111.0</controlfield>
   <controlfield tag="008">100214|||||||||gw |||||||||||||||||ger|d</controlfield>
   <datafield tag="031" ind1=" " ind2=" ">
      <subfield code="a">1</subfield>
      <subfield code="b">1</subfield>
      <subfield code="c">1</subfield>
      <subfield code="d">Gemässigt nicht zu langsam</subfield>
      <subfield code="g">F-4</subfield>
      <subfield code="m">B 2 coro</subfield>
      <subfield code="n">xF</subfield>
      <subfield code="o">3/4</subfield>
      <subfield code="p">,2G4F/AGD/,,B,CE/2.D+/4D</subfield>
      <subfield code="r">G</subfield>
      <subfield code="t">Seht der Mond steigt still herauf</subfield>
      <subfield code="2">pe</subfield>
      <subfield code="u">30595201</subfield>
      </datafield>
   <datafield tag="041" ind1=" " ind2=" ">
      <subfield code="a">ger</subfield>
   </datafield>
   <datafield tag="100" ind1="1" ind2=" ">
      <subfield code="a">Abt, Franz Wilhelm</subfield>
      <subfield code="d">1819-1885</subfield>
      <subfield code="0">532</subfield>
   </datafield>
   <datafield tag="240" ind1="1" ind2="0">
      <subfield code="a">Mondesaufgang</subfield>
      <subfield code="m">V (4), Coro maschile</subfield>
      <subfield code="r">G</subfield>
   </datafield>
   <datafield tag="245" ind1="1" ind2="0">
      <subfield code="a">[caption title:] No.22. Mondesaufgang. | Comp. von Fr. Abt.</subfield>
   </datafield>
   <datafield tag="300" ind1=" " ind2=" ">
      <subfield code="8">1\c</subfield>
      <subfield code="a">score: p.15-17</subfield>
      </datafield>
   <datafield tag="300" ind1=" " ind2=" ">
      <subfield code="8">2\c</subfield>
      <subfield code="a">6 parts: p.10-11, 10-11, 10-11, 10-11, 10-11, 10-11</subfield>
      </datafield>
   <datafield tag="510" ind1="1" ind2=" ">
      <subfield code="a">SchweizerKomponisten</subfield>
      </datafield>
   <datafield tag="590" ind1=" " ind2=" ">
      <subfield code="8">2\c</subfield>
      <subfield code="a">T 1, 2, B 1 (2x), B 2 (2x)</subfield>
      </datafield>
   <datafield tag="593" ind1=" " ind2=" ">
      <subfield code="8">1\c</subfield>
      <subfield code="a">print</subfield>
   </datafield>
   <datafield tag="593" ind1=" " ind2=" ">
      <subfield code="8">2\c</subfield>
      <subfield code="a">print</subfield>
      </datafield>
   <datafield tag="594" ind1=" " ind2=" ">
      <subfield code="a">T (2), B (2), Coro T (2), Coro B (2)</subfield>
   </datafield>
   <datafield tag="650" ind1="0" ind2="0">
      <subfield code="a">Partsongs</subfield>
   </datafield>
   <datafield tag="773" ind1="0" ind2=" ">
      <subfield code="a">403001078</subfield>
   </datafield>
   <datafield tag="852" ind1=" " ind2=" ">
      <subfield code="a">CH-E</subfield>
      <subfield code="c">Mw 2710,2</subfield>
      <subfield code="x">30000006</subfield>
   </datafield>
   </record>