
<record>
   <leader>00000cdd#a2200000###4500</leader>
   <controlfield tag="001">403000365</controlfield>
   <controlfield tag="003">RISM</controlfield>
   <controlfield tag="005">20090910111111.0</controlfield>
   <controlfield tag="008">100214|||||||||gw |||||||||||||||||ger|d</controlfield>
   <datafield tag="031" ind1=" " ind2=" ">
      <subfield code="a">1</subfield>
      <subfield code="b">1</subfield>
      <subfield code="c">1</subfield>
      <subfield code="d">Frisch und belebt</subfield>
      <subfield code="g">G-2</subfield>
      <subfield code="m">S</subfield>
      <subfield code="o">3/4</subfield>
      <subfield code="p">4-/=3/4-(-)'({8GA}B)/''4C'G({8G''C}E)/8.E6D4D</subfield>
      <subfield code="r">C</subfield>
      <subfield code="t">Wenn der Frühling auf die Berge steigt</subfield>
      <subfield code="2">pe</subfield>
      <subfield code="u">30593740</subfield>
      </datafield>
   <datafield tag="041" ind1=" " ind2=" ">
      <subfield code="a">ger</subfield>
   </datafield>
   <datafield tag="100" ind1="1" ind2=" ">
      <subfield code="a">Abt, Franz Wilhelm</subfield>
      <subfield code="d">1819-1885</subfield>
      <subfield code="0">532</subfield>
   </datafield>
   <datafield tag="240" ind1="1" ind2="0">
      <subfield code="a">O wie wunderschön ist die Frühlingszeit</subfield>
      <subfield code="m">V (2), pf</subfield>
      <subfield code="r">C</subfield>
   </datafield>
   <datafield tag="245" ind1="1" ind2="0">
      <subfield code="a">[caption title:] No.1. | O,wie wunderschön ist die Frühlingszeit! | Nach Mirza Schaffy von Bodenstedt. | Franz Abt, Op.132. No.4.</subfield>
   </datafield>
   <datafield tag="300" ind1=" " ind2=" ">
      <subfield code="8">1\c</subfield>
      <subfield code="a">score (2x): p.3-5</subfield>
      </datafield>
   <datafield tag="383" ind1=" " ind2=" ">
      <subfield code="b">op.132/4</subfield>
   </datafield>
   <datafield tag="510" ind1="1" ind2=" ">
      <subfield code="a">SchweizerKomponisten</subfield>
      </datafield>
   <datafield tag="593" ind1=" " ind2=" ">
      <subfield code="8">1\c</subfield>
      <subfield code="a">print</subfield>
   </datafield>
   <datafield tag="594" ind1=" " ind2=" ">
      <subfield code="a">S, A, T (S), B (A), pf</subfield>
   </datafield>
   <datafield tag="650" ind1="0" ind2="0">
      <subfield code="a">Duets (voc.)</subfield>
   </datafield>
   <datafield tag="700" ind1="1" ind2=" ">
      <subfield code="a">Bodenstedt, Friedrich von</subfield>
      <subfield code="d">1819-1892</subfield>
      <subfield code="0">21823</subfield>
      <subfield code="4">lyr</subfield>
   </datafield>
   <datafield tag="773" ind1="0" ind2=" ">
      <subfield code="a">403000364</subfield>
   </datafield>
   <datafield tag="852" ind1=" " ind2=" ">
      <subfield code="a">CH-E</subfield>
      <subfield code="c">Ma 13</subfield>
      <subfield code="c">878,42</subfield>
      <subfield code="x">30000006</subfield>
   </datafield>
   </record>