
<record>
   <leader>00000cdd#a2200000###4500</leader>
   <controlfield tag="001">403000425</controlfield>
   <controlfield tag="003">RISM</controlfield>
   <controlfield tag="005">20060823111111.0</controlfield>
   <controlfield tag="008">100214|||||||||gw |||||||||||||||||ger|d</controlfield>
   <datafield tag="031" ind1=" " ind2=" ">
      <subfield code="a">1</subfield>
      <subfield code="b">1</subfield>
      <subfield code="c">1</subfield>
      <subfield code="d">Maestoso ma con moto</subfield>
      <subfield code="g">G-2</subfield>
      <subfield code="m">T 1</subfield>
      <subfield code="n">xFCGDAE</subfield>
      <subfield code="o">3/4</subfield>
      <subfield code="p">6-/=7/4--8.-'6C/4CFG/2A8.-6F/4F''CD/2F</subfield>
      <subfield code="r">F|x</subfield>
      <subfield code="t">Auf Siegesgesang fleuch wolkenentlang</subfield>
      <subfield code="2">pe</subfield>
      <subfield code="u">30593858</subfield>
      </datafield>
   <datafield tag="041" ind1=" " ind2=" ">
      <subfield code="a">ger</subfield>
   </datafield>
   <datafield tag="100" ind1="1" ind2=" ">
      <subfield code="a">Abt, Franz Wilhelm</subfield>
      <subfield code="d">1819-1885</subfield>
      <subfield code="0">532</subfield>
   </datafield>
   <datafield tag="240" ind1="1" ind2="0">
      <subfield code="a">Siegesgesang der Deutschen nach der Hermannsschlacht</subfield>
      <subfield code="m">Coro maschile, pf</subfield>
      <subfield code="r">F|x</subfield>
   </datafield>
   <datafield tag="245" ind1="1" ind2="0">
      <subfield code="a">[title page:] Dem Rheinischen Sängerbunde | gewidmet. | Siegesgesang der Deutschen | nach der Hermannsschlacht | (Gedicht von Felix Dahn) | für | vierstimmigen Männerchor | mit Instrumental- oder Klavier-Begleitung | komponiert von | Franz Abt. | Op.267. | Leipzig, C.F.W. Siegel's Musikalienhandlung | (R. Linnemann).</subfield>
   </datafield>
   <datafield tag="300" ind1=" " ind2=" ">
      <subfield code="8">1\c</subfield>
      <subfield code="a">short score (piano score): 11p.</subfield>
      <subfield code="c">34,5 x 27 cm</subfield>
   </datafield>
   <datafield tag="383" ind1=" " ind2=" ">
      <subfield code="b">op.267</subfield>
   </datafield>
   <datafield tag="510" ind1="1" ind2=" ">
      <subfield code="a">SchweizerKomponisten</subfield>
      </datafield>
   <datafield tag="593" ind1=" " ind2=" ">
      <subfield code="8">1\c</subfield>
      <subfield code="a">print</subfield>
   </datafield>
   <datafield tag="594" ind1=" " ind2=" ">
      <subfield code="a">Coro T (2), Coro B (2), pf</subfield>
   </datafield>
   <datafield tag="650" ind1="0" ind2="0">
      <subfield code="a">Partsongs</subfield>
   </datafield>
   <datafield tag="700" ind1="1" ind2=" ">
      <subfield code="a">Dahn, Felix</subfield>
      <subfield code="0">30036205</subfield>
      <subfield code="4">lyr</subfield>
   </datafield>
   <datafield tag="700" ind1="1" ind2=" ">
      <subfield code="a">Rheinischer Sängerbund</subfield>
      <subfield code="0">30044660</subfield>
      <subfield code="4">dte</subfield>
   </datafield>
   <datafield tag="852" ind1=" " ind2=" ">
      <subfield code="a">CH-E</subfield>
      <subfield code="c">138,14</subfield>
      <subfield code="x">30000006</subfield>
   </datafield>
   </record>