
<record>
   <leader>00000cdd#a2200000###4500</leader>
   <controlfield tag="001">403006897</controlfield>
   <controlfield tag="003">RISM</controlfield>
   <controlfield tag="005">20091019111111.0</controlfield>
   <controlfield tag="008">100214|||||||||gw |||||||||||||||||ger|d</controlfield>
   <datafield tag="031" ind1=" " ind2=" ">
      <subfield code="a">1</subfield>
      <subfield code="b">1</subfield>
      <subfield code="c">1</subfield>
      <subfield code="d">Kräftig</subfield>
      <subfield code="g">G-2</subfield>
      <subfield code="m">S 1</subfield>
      <subfield code="n">bBEA</subfield>
      <subfield code="o">c</subfield>
      <subfield code="p">'4BG4.E8E/{CE}{A''C}4C'B/</subfield>
      <subfield code="r">E|b</subfield>
      <subfield code="t">Weiß und Rot will ich bekennen</subfield>
      <subfield code="2">pe</subfield>
      <subfield code="u">30608497</subfield>
      </datafield>
   <datafield tag="041" ind1=" " ind2=" ">
      <subfield code="a">ger</subfield>
   </datafield>
   <datafield tag="100" ind1="1" ind2=" ">
      <subfield code="a">Abt, Franz Wilhelm</subfield>
      <subfield code="d">1819-1885</subfield>
      <subfield code="0">532</subfield>
   </datafield>
   <datafield tag="240" ind1="1" ind2="0">
      <subfield code="a">Unsere Landesfarben</subfield>
      <subfield code="k">Arr</subfield>
      <subfield code="m">Coro femminile</subfield>
      <subfield code="r">E|b</subfield>
   </datafield>
   <datafield tag="245" ind1="1" ind2="0">
      <subfield code="a">[caption title:] 17. Unsere Landesfarben. | Fr. Abt.</subfield>
   </datafield>
   <datafield tag="300" ind1=" " ind2=" ">
      <subfield code="8">1\c</subfield>
      <subfield code="a">score: p.38-39</subfield>
      </datafield>
   <datafield tag="500" ind1=" " ind2=" ">
      <subfield code="a">Name des Textdichters am Schluss der Komposition</subfield>
   </datafield>
   <datafield tag="510" ind1="1" ind2=" ">
      <subfield code="a">SchweizerKomponisten</subfield>
      </datafield>
   <datafield tag="593" ind1=" " ind2=" ">
      <subfield code="8">1\c</subfield>
      <subfield code="a">print</subfield>
   </datafield>
   <datafield tag="594" ind1=" " ind2=" ">
      <subfield code="a">Coro S (2), Coro A</subfield>
   </datafield>
   <datafield tag="650" ind1="0" ind2="0">
      <subfield code="a">Partsongs</subfield>
   </datafield>
   <datafield tag="700" ind1="1" ind2=" ">
      <subfield code="a">Haug, Gustav</subfield>
      <subfield code="d">1871-1956</subfield>
      <subfield code="0">30015136</subfield>
      <subfield code="4">arr</subfield>
   </datafield>
   <datafield tag="700" ind1="1" ind2=" ">
      <subfield code="a">Fröhlich, Abraham Emanuel</subfield>
      <subfield code="d">1796-1865</subfield>
      <subfield code="0">83664</subfield>
      <subfield code="4">lyr</subfield>
   </datafield>
   <datafield tag="773" ind1="0" ind2=" ">
      <subfield code="a">403006880</subfield>
   </datafield>
   <datafield tag="852" ind1=" " ind2=" ">
      <subfield code="a">CH-E</subfield>
      <subfield code="c">Mw 1706</subfield>
      <subfield code="x">30000006</subfield>
   </datafield>
   </record>