
<record>
   <leader>00000cdd#a2200000###4500</leader>
   <controlfield tag="001">402003188</controlfield>
   <controlfield tag="003">RISM</controlfield>
   <controlfield tag="005">20060823111111.0</controlfield>
   <controlfield tag="008">100214|||||||||gw |||||||||||||||||ger|d</controlfield>
   <datafield tag="031" ind1=" " ind2=" ">
      <subfield code="a">1</subfield>
      <subfield code="b">1</subfield>
      <subfield code="c">1</subfield>
      <subfield code="d">Allegro risoluto</subfield>
      <subfield code="g">G-2</subfield>
      <subfield code="m">T 1</subfield>
      <subfield code="n">xFC</subfield>
      <subfield code="o">c</subfield>
      <subfield code="p">'4A/A8B''C4D8GG/2F4D8.D6D/4D'8B''D{ED}C'B/2A</subfield>
      <subfield code="r">D</subfield>
      <subfield code="t">Hörst wohl das mächtige Klingen von der Ostsee über den Rhein</subfield>
      <subfield code="2">pe</subfield>
      <subfield code="u">30578218</subfield>
      </datafield>
   <datafield tag="041" ind1=" " ind2=" ">
      <subfield code="a">ger</subfield>
   </datafield>
   <datafield tag="100" ind1="1" ind2=" ">
      <subfield code="a">Abt, Franz Wilhelm</subfield>
      <subfield code="d">1819-1885</subfield>
      <subfield code="0">532</subfield>
   </datafield>
   <datafield tag="240" ind1="1" ind2="0">
      <subfield code="a">Vaterlandslied</subfield>
      <subfield code="m">Coro maschile</subfield>
      <subfield code="r">D</subfield>
   </datafield>
   <datafield tag="245" ind1="1" ind2="0">
      <subfield code="a">[parts, caption title:] VIII. Vaterlandslied. Abt.</subfield>
   </datafield>
   <datafield tag="300" ind1=" " ind2=" ">
      <subfield code="8">1\c</subfield>
      <subfield code="a">14 parts: p.4, 4, 4, 4, 4, 4, 4, 4, 4, 4, 4, 4, 4, 4</subfield>
      </datafield>
   <datafield tag="500" ind1=" " ind2=" ">
      <subfield code="a">Stimmen: Vermerk am Ende der Komposition: "Diese, sowie die Nummern 3 und 8 wurden mit Bewilligung des Original=Verlegers, Herrn F. Goepel, in Stuttgart, / diesem Gesang-Journal einverleibt."</subfield>
   </datafield>
   <datafield tag="590" ind1=" " ind2=" ">
      <subfield code="8">1\c</subfield>
      <subfield code="a">T 1 (4x), 2 (2x), B 1 (4x), 2 (4x)</subfield>
   </datafield>
   <datafield tag="593" ind1=" " ind2=" ">
      <subfield code="8">1\c</subfield>
      <subfield code="a">print</subfield>
   </datafield>
   <datafield tag="594" ind1=" " ind2=" ">
      <subfield code="a">Coro T (2), Coro B (2)</subfield>
   </datafield>
   <datafield tag="650" ind1="0" ind2="0">
      <subfield code="a">Songs</subfield>
   </datafield>
   <datafield tag="700" ind1="1" ind2=" ">
      <subfield code="a">Goepel, F.</subfield>
      <subfield code="0">30043938</subfield>
      <subfield code="4">asn</subfield>
   </datafield>
   <datafield tag="773" ind1="0" ind2=" ">
      <subfield code="a">402003180</subfield>
   </datafield>
   <datafield tag="852" ind1=" " ind2=" ">
      <subfield code="a">CH-SO</subfield>
      <subfield code="c">DA I 200</subfield>
      <subfield code="x">30000012</subfield>
   </datafield>
   </record>