
<record>
   <leader>00000cdd#a2200000###4500</leader>
   <controlfield tag="001">403002370</controlfield>
   <controlfield tag="003">RISM</controlfield>
   <controlfield tag="005">20081222111111.0</controlfield>
   <controlfield tag="008">100214|||||||||gw |||||||||||||||||ger|d</controlfield>
   <datafield tag="031" ind1=" " ind2=" ">
      <subfield code="a">1</subfield>
      <subfield code="b">1</subfield>
      <subfield code="c">1</subfield>
      <subfield code="d">Frisch bewegt</subfield>
      <subfield code="g">G-2</subfield>
      <subfield code="m">S 1</subfield>
      <subfield code="n">xFCG</subfield>
      <subfield code="o">3/4</subfield>
      <subfield code="p">'8.644EE/FEAB/''CE</subfield>
      <subfield code="r">A</subfield>
      <subfield code="t">Vögel singen Blumen blühen</subfield>
      <subfield code="2">pe</subfield>
      <subfield code="u">30597961</subfield>
      </datafield>
   <datafield tag="041" ind1=" " ind2=" ">
      <subfield code="a">ger</subfield>
   </datafield>
   <datafield tag="100" ind1="1" ind2=" ">
      <subfield code="a">Abt, Franz Wilhelm</subfield>
      <subfield code="d">1819-1885</subfield>
      <subfield code="0">532</subfield>
   </datafield>
   <datafield tag="240" ind1="1" ind2="0">
      <subfield code="a">Wanderlied</subfield>
      <subfield code="k">Arr</subfield>
      <subfield code="m">Coro fanciulli</subfield>
      <subfield code="r">A</subfield>
   </datafield>
   <datafield tag="245" ind1="1" ind2="0">
      <subfield code="a">[caption title:] 37. Wanderlied. | Nach F. Abt.</subfield>
   </datafield>
   <datafield tag="300" ind1=" " ind2=" ">
      <subfield code="8">1\c</subfield>
      <subfield code="a">score: p.47</subfield>
      </datafield>
   <datafield tag="510" ind1="1" ind2=" ">
      <subfield code="a">SchweizerKomponisten</subfield>
      </datafield>
   <datafield tag="593" ind1=" " ind2=" ">
      <subfield code="8">1\c</subfield>
      <subfield code="a">print</subfield>
   </datafield>
   <datafield tag="594" ind1=" " ind2=" ">
      <subfield code="a">Coro S (2), Coro A</subfield>
   </datafield>
   <datafield tag="650" ind1="0" ind2="0">
      <subfield code="a">Partsongs</subfield>
   </datafield>
   <datafield tag="700" ind1="1" ind2=" ">
      <subfield code="a">Bieri, Sigmund Samuel</subfield>
      <subfield code="d">1827*</subfield>
      <subfield code="0">30015049</subfield>
      <subfield code="4">arr</subfield>
   </datafield>
   <datafield tag="700" ind1="1" ind2=" ">
      <subfield code="a">Hoffmann von Fallersleben, August Heinrich</subfield>
      <subfield code="d">1798-1874</subfield>
      <subfield code="0">95806</subfield>
      <subfield code="4">lyr</subfield>
   </datafield>
   <datafield tag="773" ind1="0" ind2=" ">
      <subfield code="a">403002333</subfield>
   </datafield>
   <datafield tag="852" ind1=" " ind2=" ">
      <subfield code="a">CH-E</subfield>
      <subfield code="c">760,21</subfield>
      <subfield code="x">30000006</subfield>
   </datafield>
   </record>