
<record>
   <leader>00000cdd#a2200000###4500</leader>
   <controlfield tag="001">402000239</controlfield>
   <controlfield tag="003">RISM</controlfield>
   <controlfield tag="005">20060823111111.0</controlfield>
   <controlfield tag="008">100214|||||||||gw |||||||||||||||||ger|d</controlfield>
   <datafield tag="031" ind1=" " ind2=" ">
      <subfield code="a">1</subfield>
      <subfield code="b">1</subfield>
      <subfield code="c">1</subfield>
      <subfield code="d">Mäßig doch frisch</subfield>
      <subfield code="g">G-2</subfield>
      <subfield code="m">S coro</subfield>
      <subfield code="o">3/4</subfield>
      <subfield code="p">8.'G6xF/4.A8G4({8EG}''C;3)/4.E8D</subfield>
      <subfield code="r">C</subfield>
      <subfield code="t">Wie die Lerche möcht' ich singen</subfield>
      <subfield code="2">pe</subfield>
      <subfield code="u">30571333</subfield>
      </datafield>
   <datafield tag="041" ind1=" " ind2=" ">
      <subfield code="a">ger</subfield>
   </datafield>
   <datafield tag="100" ind1="1" ind2=" ">
      <subfield code="a">Abt, Franz Wilhelm</subfield>
      <subfield code="d">1819-1885</subfield>
      <subfield code="0">532</subfield>
   </datafield>
   <datafield tag="240" ind1="1" ind2="0">
      <subfield code="a">Wie die Lerche möcht' ich singen</subfield>
      <subfield code="k">Arr</subfield>
      <subfield code="m">Coro</subfield>
      <subfield code="r">C</subfield>
   </datafield>
   <datafield tag="245" ind1="1" ind2="0">
      <subfield code="a">[score, caption title:] *62. Wie die Lerche möcht' ich singen. | F. Abt.</subfield>
   </datafield>
   <datafield tag="300" ind1=" " ind2=" ">
      <subfield code="8">1\c</subfield>
      <subfield code="a">score: p.126-127</subfield>
      </datafield>
   <datafield tag="510" ind1="1" ind2=" ">
      <subfield code="a">RepertoriumSchweiz</subfield>
      </datafield>
   <datafield tag="593" ind1=" " ind2=" ">
      <subfield code="8">1\c</subfield>
      <subfield code="a">print</subfield>
   </datafield>
   <datafield tag="594" ind1=" " ind2=" ">
      <subfield code="a">Coro S, Coro A, Coro B, Coro T</subfield>
   </datafield>
   <datafield tag="650" ind1="0" ind2="0">
      <subfield code="a">Partsongs</subfield>
   </datafield>
   <datafield tag="700" ind1="1" ind2=" ">
      <subfield code="a">Methfessel, Ernst</subfield>
      <subfield code="d">1811-1886</subfield>
      <subfield code="0">96097</subfield>
      <subfield code="4">arr</subfield>
   </datafield>
   <datafield tag="773" ind1="0" ind2=" ">
      <subfield code="a">402000067</subfield>
   </datafield>
   <datafield tag="852" ind1=" " ind2=" ">
      <subfield code="a">CH-W</subfield>
      <subfield code="c">Ms Sch 125/12</subfield>
      <subfield code="x">30000013</subfield>
   </datafield>
   </record>