
<record>
   <leader>00000cdd#a2200000###4500</leader>
   <controlfield tag="001">400011275</controlfield>
   <controlfield tag="003">RISM</controlfield>
   <controlfield tag="005">20060823111111.0</controlfield>
   <controlfield tag="008">100214k17001799gw |||||||||||||||||lat|d</controlfield>
   <datafield tag="031" ind1=" " ind2=" ">
      <subfield code="a">1</subfield>
      <subfield code="b">1</subfield>
      <subfield code="c">1</subfield>
      <subfield code="d">Andantino</subfield>
      <subfield code="g">C-3</subfield>
      <subfield code="m">A</subfield>
      <subfield code="o">c</subfield>
      <subfield code="p">=3/'8C6.E3F8GC6.D3xC8D-D/</subfield>
      <subfield code="t">Aulae caelistis proceres</subfield>
      <subfield code="2">pe</subfield>
      <subfield code="u">30496465</subfield>
      </datafield>
   <datafield tag="041" ind1=" " ind2=" ">
      <subfield code="a">lat</subfield>
   </datafield>
   <datafield tag="100" ind1="1" ind2=" ">
      <subfield code="a">Abyberg, Heinrich Franc. Maria</subfield>
      <subfield code="d">1714-1790</subfield>
      <subfield code="0">30000010</subfield>
   </datafield>
   <datafield tag="240" ind1="1" ind2="0">
      <subfield code="a">Aulae caelestis proceres</subfield>
      <subfield code="m">A, strings, cemb</subfield>
      </datafield>
   <datafield tag="245" ind1="1" ind2="0">
      <subfield code="a">82 | Aulae Coelestis Proceres | Aria [...] | Per la festa di Tutti li Santi | à Alto Solo con Sinf:a | [...] | Di me Enrico abyberg</subfield>
   </datafield>
   <datafield tag="260" ind1=" " ind2=" ">
      <subfield code="8">1\c</subfield>
      <subfield code="c">1700-1799 (18.sc)</subfield>
   </datafield>
   <datafield tag="300" ind1=" " ind2=" ">
      <subfield code="8">1\c</subfield>
      <subfield code="a">6 parts</subfield>
      <subfield code="c">in quer-4</subfield>
   </datafield>
   <datafield tag="590" ind1=" " ind2=" ">
      <subfield code="8">1\c</subfield>
      <subfield code="a">A, vl 1, 2, a-vla, vlc, cemb.fig</subfield>
   </datafield>
   <datafield tag="593" ind1=" " ind2=" ">
      <subfield code="8">1\c</subfield>
      <subfield code="a">manuscript</subfield>
   </datafield>
   <datafield tag="594" ind1=" " ind2=" ">
      <subfield code="a">A, vl 1, vl 2, vla, vlc, cemb</subfield>
   </datafield>
   <datafield tag="650" ind1="0" ind2="0">
      <subfield code="a">Sacred songs</subfield>
   </datafield>
   <datafield tag="852" ind1=" " ind2=" ">
      <subfield code="a">CH-E</subfield>
      <subfield code="c">213,6 (Ms.3010)</subfield>
      <subfield code="x">30000006</subfield>
   </datafield>
   </record>