
<record>
   <leader>00000cdd#a2200000###4500</leader>
   <controlfield tag="001">400011276</controlfield>
   <controlfield tag="003">RISM</controlfield>
   <controlfield tag="005">20060823111111.0</controlfield>
   <controlfield tag="008">100214k17001799gw |||||||||||||||||lat|d</controlfield>
   <datafield tag="031" ind1=" " ind2=" ">
      <subfield code="a">1</subfield>
      <subfield code="b">1</subfield>
      <subfield code="c">1</subfield>
      <subfield code="d">Spirituoso</subfield>
      <subfield code="g">C-1</subfield>
      <subfield code="m">S</subfield>
      <subfield code="n">xF</subfield>
      <subfield code="o">3/8</subfield>
      <subfield code="p">'4.G/''E/8DFG/{6CE}{DC}{'BA}/{BGAB''CD}/</subfield>
      <subfield code="t">Huc tu, a te minaces horrores</subfield>
      <subfield code="2">pe</subfield>
      <subfield code="u">30496467</subfield>
      </datafield>
   <datafield tag="031" ind1=" " ind2=" ">
      <subfield code="a">1</subfield>
      <subfield code="b">2</subfield>
      <subfield code="c">1</subfield>
      <subfield code="d">Recitativo.</subfield>
      <subfield code="t">Jacula ministra te</subfield>
      <subfield code="u">30496468</subfield>
      </datafield>
   <datafield tag="031" ind1=" " ind2=" ">
      <subfield code="a">1</subfield>
      <subfield code="b">3</subfield>
      <subfield code="c">1</subfield>
      <subfield code="d">Aria. Largo</subfield>
      <subfield code="o">c/</subfield>
      <subfield code="t">Sancte fide</subfield>
      <subfield code="u">30496469</subfield>
      </datafield>
   <datafield tag="031" ind1=" " ind2=" ">
      <subfield code="a">1</subfield>
      <subfield code="b">4</subfield>
      <subfield code="c">1</subfield>
      <subfield code="d">Recitativo.</subfield>
      <subfield code="o">c</subfield>
      <subfield code="t">Ad superos</subfield>
      <subfield code="u">30496470</subfield>
      </datafield>
   <datafield tag="031" ind1=" " ind2=" ">
      <subfield code="a">1</subfield>
      <subfield code="b">5</subfield>
      <subfield code="c">1</subfield>
      <subfield code="d">Allegro</subfield>
      <subfield code="o">2/4</subfield>
      <subfield code="t">Alleluia</subfield>
      <subfield code="u">30496471</subfield>
      </datafield>
   <datafield tag="041" ind1=" " ind2=" ">
      <subfield code="a">lat</subfield>
   </datafield>
   <datafield tag="100" ind1="1" ind2=" ">
      <subfield code="a">Abyberg, Heinrich Franc. Maria</subfield>
      <subfield code="d">1714-1790</subfield>
      <subfield code="0">30000010</subfield>
   </datafield>
   <datafield tag="240" ind1="1" ind2="0">
      <subfield code="a">Huc tu a te minaces horrores</subfield>
      <subfield code="m">S, strings, org</subfield>
      <subfield code="r">G</subfield>
   </datafield>
   <datafield tag="245" ind1="1" ind2="0">
      <subfield code="a">74 | Huc tua te minaces horrores Mottetto à Voce Sola di Soprano con Sinfonia | [...] | Di me Enrico abyberg</subfield>
   </datafield>
   <datafield tag="260" ind1=" " ind2=" ">
      <subfield code="8">1\c</subfield>
      <subfield code="c">1700-1799 (18.sc)</subfield>
   </datafield>
   <datafield tag="300" ind1=" " ind2=" ">
      <subfield code="8">1\c</subfield>
      <subfield code="a">5 parts</subfield>
      <subfield code="c">in quer-4</subfield>
   </datafield>
   <datafield tag="590" ind1=" " ind2=" ">
      <subfield code="8">1\c</subfield>
      <subfield code="a">S, vl 1, 2, vla obl, org.fig</subfield>
   </datafield>
   <datafield tag="593" ind1=" " ind2=" ">
      <subfield code="8">1\c</subfield>
      <subfield code="a">manuscript</subfield>
   </datafield>
   <datafield tag="594" ind1=" " ind2=" ">
      <subfield code="a">S, vl 1, vl 2, vla, org</subfield>
   </datafield>
   <datafield tag="650" ind1="0" ind2="0">
      <subfield code="a">Motets</subfield>
   </datafield>
   <datafield tag="852" ind1=" " ind2=" ">
      <subfield code="a">CH-E</subfield>
      <subfield code="c">213,1 (Ms.3005)</subfield>
      <subfield code="x">30000006</subfield>
   </datafield>
   </record>