
<record>
   <leader>00000cdd#a2200000###4500</leader>
   <controlfield tag="001">400007312</controlfield>
   <controlfield tag="003">RISM</controlfield>
   <controlfield tag="005">20060823111111.0</controlfield>
   <controlfield tag="008">100214k17001799gw |||||||||||||||||lat|d</controlfield>
   <datafield tag="031" ind1=" " ind2=" ">
      <subfield code="a">1</subfield>
      <subfield code="b">1</subfield>
      <subfield code="c">1</subfield>
      <subfield code="d">Presto</subfield>
      <subfield code="g">F-4</subfield>
      <subfield code="m">B</subfield>
      <subfield code="n">xF</subfield>
      <subfield code="o">c</subfield>
      <subfield code="p">=19/,2G4D,,B/1G/,4CEGE/8EE4D-</subfield>
      <subfield code="t">Veni sancte spiritus, et emitte caelitus lucis tuae radium; [Saeviant venti irati]</subfield>
      <subfield code="2">pe</subfield>
      <subfield code="u">30491358</subfield>
      </datafield>
   <datafield tag="041" ind1=" " ind2=" ">
      <subfield code="a">lat</subfield>
   </datafield>
   <datafield tag="100" ind1="1" ind2=" ">
      <subfield code="a">Abyberg, Heinrich Franc. Maria</subfield>
      <subfield code="d">1714-1790</subfield>
      <subfield code="0">30000010</subfield>
   </datafield>
   <datafield tag="240" ind1="1" ind2="0">
      <subfield code="a">Saeviant venti irati</subfield>
      <subfield code="m">V (2), strings, bc</subfield>
      <subfield code="r">G</subfield>
   </datafield>
   <datafield tag="245" ind1="1" ind2="0">
      <subfield code="a">Aria con Canto Solo vel Basso | Violino Primo | solo veni sancte spiritus</subfield>
   </datafield>
   <datafield tag="260" ind1=" " ind2=" ">
      <subfield code="8">1\c</subfield>
      <subfield code="c">1700-1799 (18.sc)</subfield>
   </datafield>
   <datafield tag="300" ind1=" " ind2=" ">
      <subfield code="8">1\c</subfield>
      <subfield code="a">6 parts</subfield>
      <subfield code="c">in -4</subfield>
   </datafield>
   <datafield tag="590" ind1=" " ind2=" ">
      <subfield code="8">1\c</subfield>
      <subfield code="a">S, B, vl 1, 2, a-vla, b.fig</subfield>
   </datafield>
   <datafield tag="593" ind1=" " ind2=" ">
      <subfield code="8">1\c</subfield>
      <subfield code="a">manuscript</subfield>
   </datafield>
   <datafield tag="594" ind1=" " ind2=" ">
      <subfield code="a">S, B, vl 1, vl 2, vla, bc</subfield>
   </datafield>
   <datafield tag="650" ind1="0" ind2="0">
      <subfield code="a">Sacred songs</subfield>
   </datafield>
   <datafield tag="650" ind1="0" ind2="0">
      <subfield code="a">Contrafacta</subfield>
   </datafield>
   <datafield tag="852" ind1=" " ind2=" ">
      <subfield code="a">CH-SAf</subfield>
      <subfield code="c">Musikbibl.Anon 161 (Ms.7076)</subfield>
      <subfield code="x">30000011</subfield>
   </datafield>
   </record>