
<record>
   <leader>00000cdd#a2200000###4500</leader>
   <controlfield tag="001">400011280</controlfield>
   <controlfield tag="003">RISM</controlfield>
   <controlfield tag="005">20060823111111.0</controlfield>
   <controlfield tag="008">100214k17001799gw |||||||||||||||||lat|d</controlfield>
   <datafield tag="031" ind1=" " ind2=" ">
      <subfield code="a">1</subfield>
      <subfield code="b">1</subfield>
      <subfield code="c">1</subfield>
      <subfield code="d">Andante</subfield>
      <subfield code="g">C-1</subfield>
      <subfield code="m">S</subfield>
      <subfield code="n">xF</subfield>
      <subfield code="o">c/</subfield>
      <subfield code="p">=31/'2G''(8DC'B)(8AGF)/qAGFqF4G-G/(8AB''C)('8B''CD)qD2Ct/q8C'2B4-</subfield>
      <subfield code="t">Salve regina, mater misericordiae</subfield>
      <subfield code="2">pe</subfield>
      <subfield code="u">30496484</subfield>
      </datafield>
   <datafield tag="031" ind1=" " ind2=" ">
      <subfield code="a">1</subfield>
      <subfield code="b">2</subfield>
      <subfield code="c">1</subfield>
      <subfield code="d">Largo</subfield>
      <subfield code="m">V</subfield>
      <subfield code="o">c</subfield>
      <subfield code="t">Ad te suspiramus</subfield>
      <subfield code="u">30496485</subfield>
      </datafield>
   <datafield tag="031" ind1=" " ind2=" ">
      <subfield code="a">1</subfield>
      <subfield code="b">3</subfield>
      <subfield code="c">1</subfield>
      <subfield code="d">Allegro</subfield>
      <subfield code="m">V</subfield>
      <subfield code="o">2/4</subfield>
      <subfield code="t">Eia ergo advocata nostra, illos tuos misericordes</subfield>
      <subfield code="u">30496486</subfield>
      </datafield>
   <datafield tag="031" ind1=" " ind2=" ">
      <subfield code="a">1</subfield>
      <subfield code="b">4</subfield>
      <subfield code="c">1</subfield>
      <subfield code="d">Recitativo.</subfield>
      <subfield code="m">V</subfield>
      <subfield code="o">c</subfield>
      <subfield code="t">Et Jesum benedictum, fructum ventris tui</subfield>
      <subfield code="u">30496487</subfield>
      </datafield>
   <datafield tag="031" ind1=" " ind2=" ">
      <subfield code="a">1</subfield>
      <subfield code="b">5</subfield>
      <subfield code="c">1</subfield>
      <subfield code="d">Allegretto</subfield>
      <subfield code="o">c/</subfield>
      <subfield code="t">O clemens o pia, o dulcis virgo Maria</subfield>
      <subfield code="u">30496488</subfield>
      </datafield>
   <datafield tag="041" ind1=" " ind2=" ">
      <subfield code="a">lat</subfield>
   </datafield>
   <datafield tag="100" ind1="1" ind2=" ">
      <subfield code="a">Abyberg, Heinrich Franc. Maria</subfield>
      <subfield code="d">1714-1790</subfield>
      <subfield code="0">30000010</subfield>
   </datafield>
   <datafield tag="240" ind1="1" ind2="0">
      <subfield code="a">Salve regina</subfield>
      <subfield code="m">S, strings, pf</subfield>
      <subfield code="r">G</subfield>
   </datafield>
   <datafield tag="245" ind1="1" ind2="0">
      <subfield code="a">Salve Regina | à | Voce Sola, di Sopran, | 2. Violinis, Basso, et Organo Principale | Obligatis | Del Sig|r|e Mio Charissimo, è Patrone Colend|m|o | Sig|r|e Henrico Francesco Maria Abyaberg. | à | Svizz. | [...] P. l. H. 1756</subfield>
   </datafield>
   <datafield tag="260" ind1=" " ind2=" ">
      <subfield code="8">1\c</subfield>
      <subfield code="c">1700-1799 (18.sc)</subfield>
   </datafield>
   <datafield tag="300" ind1=" " ind2=" ">
      <subfield code="8">1\c</subfield>
      <subfield code="a">5 parts</subfield>
      <subfield code="c">in quer-4</subfield>
   </datafield>
   <datafield tag="500" ind1=" " ind2=" ">
      <subfield code="a">Schreibervermerk: "P. l. H"</subfield>
   </datafield>
   <datafield tag="590" ind1=" " ind2=" ">
      <subfield code="8">1\c</subfield>
      <subfield code="a">S, vl 1, 2, b obl, pf</subfield>
   </datafield>
   <datafield tag="593" ind1=" " ind2=" ">
      <subfield code="8">1\c</subfield>
      <subfield code="a">manuscript</subfield>
   </datafield>
   <datafield tag="594" ind1=" " ind2=" ">
      <subfield code="a">S, pf</subfield>
   </datafield>
   <datafield tag="650" ind1="0" ind2="0">
      <subfield code="a">Antiphonies</subfield>
   </datafield>
   <datafield tag="852" ind1=" " ind2=" ">
      <subfield code="a">CH-E</subfield>
      <subfield code="c">377,3 (Ms.3319)</subfield>
      <subfield code="x">30000006</subfield>
   </datafield>
   </record>