
<record>
   <leader>00000cdd#a2200000###4500</leader>
   <controlfield tag="001">400007842</controlfield>
   <controlfield tag="003">RISM</controlfield>
   <controlfield tag="005">20060823111111.0</controlfield>
   <controlfield tag="008">100214|||||||||gw |||||||||||||||||lat|d</controlfield>
   <datafield tag="031" ind1=" " ind2=" ">
      <subfield code="a">1</subfield>
      <subfield code="b">1</subfield>
      <subfield code="c">1</subfield>
      <subfield code="d">Adagio</subfield>
      <subfield code="g">C-1</subfield>
      <subfield code="m">S</subfield>
      <subfield code="n">bBEADG</subfield>
      <subfield code="o">3/4</subfield>
      <subfield code="p">'4B''DC/'B''FE/2.D/2(C)4-/</subfield>
      <subfield code="t">Agnus Dei, qui tollis peccata mundi miserere nobis; Kyrie, eleison Christe eleison Kyrie eleison</subfield>
      <subfield code="2">pe</subfield>
      <subfield code="u">30492600</subfield>
      </datafield>
   <datafield tag="031" ind1=" " ind2=" ">
      <subfield code="a">1</subfield>
      <subfield code="b">2</subfield>
      <subfield code="c">1</subfield>
      <subfield code="d">Allegro</subfield>
      <subfield code="o">2/4</subfield>
      <subfield code="t">Dona nobis pacem; Kyrie, eleison Christe eleison Kyrie eleison</subfield>
      <subfield code="u">30492601</subfield>
      </datafield>
   <datafield tag="031" ind1=" " ind2=" ">
      <subfield code="a">1</subfield>
      <subfield code="b">3</subfield>
      <subfield code="c">1</subfield>
      <subfield code="d">Allegro</subfield>
      <subfield code="o">3/4</subfield>
      <subfield code="t">Et in terra pax, hominibus bonae voluntatis</subfield>
      <subfield code="u">30492602</subfield>
      </datafield>
   <datafield tag="031" ind1=" " ind2=" ">
      <subfield code="a">1</subfield>
      <subfield code="b">4</subfield>
      <subfield code="c">1</subfield>
      <subfield code="d">Andante</subfield>
      <subfield code="o">2/4</subfield>
      <subfield code="t">Quoniam, tu solus sanctus</subfield>
      <subfield code="u">30492603</subfield>
      </datafield>
   <datafield tag="031" ind1=" " ind2=" ">
      <subfield code="a">1</subfield>
      <subfield code="b">5</subfield>
      <subfield code="c">1</subfield>
      <subfield code="d">Allegro</subfield>
      <subfield code="o">3/2</subfield>
      <subfield code="t">Cum sancto spiritu, in gloria Dei patris</subfield>
      <subfield code="u">30492604</subfield>
      </datafield>
   <datafield tag="031" ind1=" " ind2=" ">
      <subfield code="a">1</subfield>
      <subfield code="b">6</subfield>
      <subfield code="c">1</subfield>
      <subfield code="d">Allegro</subfield>
      <subfield code="o">c</subfield>
      <subfield code="t">Patrem omnipotentem, factorem caeli et terrae</subfield>
      <subfield code="u">30492605</subfield>
      </datafield>
   <datafield tag="031" ind1=" " ind2=" ">
      <subfield code="a">1</subfield>
      <subfield code="b">7</subfield>
      <subfield code="c">1</subfield>
      <subfield code="o">c</subfield>
      <subfield code="t">Et incarnatus est</subfield>
      <subfield code="u">30492606</subfield>
      </datafield>
   <datafield tag="031" ind1=" " ind2=" ">
      <subfield code="a">1</subfield>
      <subfield code="b">8</subfield>
      <subfield code="c">1</subfield>
      <subfield code="d">Allegro</subfield>
      <subfield code="o">3/4</subfield>
      <subfield code="t">Et resurrexit tertia die</subfield>
      <subfield code="u">30492607</subfield>
      </datafield>
   <datafield tag="031" ind1=" " ind2=" ">
      <subfield code="a">1</subfield>
      <subfield code="b">9</subfield>
      <subfield code="c">1</subfield>
      <subfield code="d">Adagio</subfield>
      <subfield code="o">c</subfield>
      <subfield code="t">Sanctus, Dominus Deus Sabaoth</subfield>
      <subfield code="u">30492608</subfield>
      </datafield>
   <datafield tag="031" ind1=" " ind2=" ">
      <subfield code="a">1</subfield>
      <subfield code="b">10</subfield>
      <subfield code="c">1</subfield>
      <subfield code="d">Allegro</subfield>
      <subfield code="o">2/4</subfield>
      <subfield code="t">Hosanna in excelsis</subfield>
      <subfield code="u">30492609</subfield>
      </datafield>
   <datafield tag="031" ind1=" " ind2=" ">
      <subfield code="a">1</subfield>
      <subfield code="b">11</subfield>
      <subfield code="c">1</subfield>
      <subfield code="d">Andante</subfield>
      <subfield code="o">c</subfield>
      <subfield code="t">Benedictus, qui venit in nomine Domini hosanna in excelsis</subfield>
      <subfield code="u">30492610</subfield>
      </datafield>
   <datafield tag="041" ind1=" " ind2=" ">
      <subfield code="a">lat</subfield>
   </datafield>
   <datafield tag="100" ind1="1" ind2=" ">
      <subfield code="a">Acker, Giuseppe</subfield>
      <subfield code="d">18/19</subfield>
      <subfield code="0">30000013</subfield>
   </datafield>
   <datafield tag="240" ind1="1" ind2="0">
      <subfield code="a">Masses</subfield>
      <subfield code="m">V (4), orch, org</subfield>
      <subfield code="r">b|b</subfield>
   </datafield>
   <datafield tag="245" ind1="1" ind2="0">
      <subfield code="a">Missa. Ex: b: | [...] Autore Acker</subfield>
   </datafield>
   <datafield tag="300" ind1=" " ind2=" ">
      <subfield code="8">1\c</subfield>
      <subfield code="a">10 parts</subfield>
      <subfield code="c">in -8</subfield>
   </datafield>
   <datafield tag="500" ind1=" " ind2=" ">
      <subfield code="8">1\c</subfield>
      <subfield code="a">clno 1 missing</subfield>
   </datafield>
   <datafield tag="510" ind1="1" ind2=" ">
      <subfield code="a">WalterZ 1960</subfield>
      <subfield code="c">p.1</subfield>
      </datafield>
   <datafield tag="590" ind1=" " ind2=" ">
      <subfield code="8">1\c</subfield>
      <subfield code="a">S, A, T, B, vl 1, 2, a-vla, b, org.fig, clno 2</subfield>
   </datafield>
   <datafield tag="593" ind1=" " ind2=" ">
      <subfield code="8">1\c</subfield>
      <subfield code="a">manuscript</subfield>
   </datafield>
   <datafield tag="594" ind1=" " ind2=" ">
      <subfield code="a">S, A, T, B, vl 1, vl 2, vla, b, tr (2), org</subfield>
   </datafield>
   <datafield tag="650" ind1="0" ind2="0">
      <subfield code="a">Masses</subfield>
   </datafield>
   <datafield tag="852" ind1=" " ind2=" ">
      <subfield code="a">CH-Zz</subfield>
      <subfield code="c">AMG XIII 5018 &amp; a-i (Ms.825)</subfield>
      <subfield code="x">30000014</subfield>
   </datafield>
   </record>