
<record>
   <leader>00000cdd#a2200000###4500</leader>
   <controlfield tag="001">403007987</controlfield>
   <controlfield tag="003">RISM</controlfield>
   <controlfield tag="005">20060823111111.0</controlfield>
   <controlfield tag="008">100214|||||||||gw |||||||||||||||||ger|d</controlfield>
   <datafield tag="031" ind1=" " ind2=" ">
      <subfield code="a">1</subfield>
      <subfield code="b">1</subfield>
      <subfield code="c">1</subfield>
      <subfield code="d">Andante maestoso</subfield>
      <subfield code="g">G-2</subfield>
      <subfield code="m">T 1</subfield>
      <subfield code="n">bBEA</subfield>
      <subfield code="o">c</subfield>
      <subfield code="p">'=1//:2-4G8.G6G/4B+8.B6B''8.C6C'8.A''6C/2E'8B6-</subfield>
      <subfield code="r">E|b</subfield>
      <subfield code="t">O Herr der Welt dem Engel dort lobsingen; O hehre Nacht wo Christ zu uns gekommen</subfield>
      <subfield code="2">pe</subfield>
      <subfield code="u">30610800</subfield>
      </datafield>
   <datafield tag="041" ind1=" " ind2=" ">
      <subfield code="a">ger</subfield>
   </datafield>
   <datafield tag="100" ind1="1" ind2=" ">
      <subfield code="a">Adam, Adolphe Charles</subfield>
      <subfield code="d">1803-1856</subfield>
      <subfield code="0">689</subfield>
   </datafield>
   <datafield tag="240" ind1="1" ind2="0">
      <subfield code="a">O hehre Nacht wo Christ zu uns gekommen</subfield>
      <subfield code="k">Arr</subfield>
      <subfield code="m">Coro maschile, harmonium, pf</subfield>
      <subfield code="r">E|b</subfield>
   </datafield>
   <datafield tag="245" ind1="1" ind2="0">
      <subfield code="a">[caption title:] Nro. 4. | A. Weihnachtshymne. | Aus dem Franz. übertr. v. M. G. Friedrich. | B. Sängerhymne. | Gedicht von F. X. Seidl. | Mit Begleitung des Harmoniums ad lib. und Piano. | Musik von Adolph Adam. | Arr. von L. Liebe.</subfield>
   </datafield>
   <datafield tag="300" ind1=" " ind2=" ">
      <subfield code="8">1\c</subfield>
      <subfield code="a">score: p.12-15</subfield>
      </datafield>
   <datafield tag="500" ind1=" " ind2=" ">
      <subfield code="a">Harmonium ad libitum</subfield>
   </datafield>
   <datafield tag="510" ind1="1" ind2=" ">
      <subfield code="a">SchweizerKomponisten</subfield>
      </datafield>
   <datafield tag="593" ind1=" " ind2=" ">
      <subfield code="8">1\c</subfield>
      <subfield code="a">print</subfield>
   </datafield>
   <datafield tag="594" ind1=" " ind2=" ">
      <subfield code="a">Coro T (2), Coro B (2), harmonium, pf</subfield>
   </datafield>
   <datafield tag="650" ind1="0" ind2="0">
      <subfield code="a">Hymns</subfield>
   </datafield>
   <datafield tag="700" ind1="1" ind2=" ">
      <subfield code="a">Liebe, Eduard Ludwig</subfield>
      <subfield code="d">1819-1900</subfield>
      <subfield code="0">99457</subfield>
      <subfield code="4">arr</subfield>
   </datafield>
   <datafield tag="700" ind1="1" ind2=" ">
      <subfield code="a">Friedrich, M. G.</subfield>
      <subfield code="0">30036511</subfield>
      <subfield code="4">lyr</subfield>
   </datafield>
   <datafield tag="700" ind1="1" ind2=" ">
      <subfield code="a">Seidl, Franz Xaver</subfield>
      <subfield code="0">30036189</subfield>
      <subfield code="4">lyr</subfield>
   </datafield>
   <datafield tag="730" ind1="0" ind2=" ">
      <subfield code="a">O Herr der Welt dem Engel dort lobsingen</subfield>
   </datafield>
   <datafield tag="773" ind1="0" ind2=" ">
      <subfield code="a">403007981</subfield>
   </datafield>
   <datafield tag="852" ind1=" " ind2=" ">
      <subfield code="a">CH-E</subfield>
      <subfield code="c">301,10</subfield>
      <subfield code="x">30000006</subfield>
   </datafield>
   </record>