
<record>
   <leader>00000cdd#a2200000###4500</leader>
   <controlfield tag="001">403000823</controlfield>
   <controlfield tag="003">RISM</controlfield>
   <controlfield tag="005">20060823111111.0</controlfield>
   <controlfield tag="008">100214|||||||||gw |||||||||||||||||ger|d</controlfield>
   <datafield tag="031" ind1=" " ind2=" ">
      <subfield code="a">1</subfield>
      <subfield code="b">1</subfield>
      <subfield code="c">1</subfield>
      <subfield code="d">Alla marcia</subfield>
      <subfield code="g">G-2</subfield>
      <subfield code="m">T 1</subfield>
      <subfield code="n">bB</subfield>
      <subfield code="o">c</subfield>
      <subfield code="p">''4C/4.F8C8.6CC'B''C/4DD-</subfield>
      <subfield code="r">F</subfield>
      <subfield code="t">Vom blitzenden Metall gegossen</subfield>
      <subfield code="2">pe</subfield>
      <subfield code="u">30594654</subfield>
      </datafield>
   <datafield tag="041" ind1=" " ind2=" ">
      <subfield code="a">ger</subfield>
   </datafield>
   <datafield tag="100" ind1="1" ind2=" ">
      <subfield code="a">Adam, Karl Ferdinand</subfield>
      <subfield code="d">1806-1867</subfield>
      <subfield code="0">30016440</subfield>
   </datafield>
   <datafield tag="240" ind1="1" ind2="0">
      <subfield code="a">Des Artilleristen Schwur</subfield>
      <subfield code="m">Coro maschile</subfield>
      <subfield code="r">F</subfield>
   </datafield>
   <datafield tag="245" ind1="1" ind2="0">
      <subfield code="a">[caption title:] 15. Des Artilleristen Schwur. | C. F. Adam.</subfield>
   </datafield>
   <datafield tag="300" ind1=" " ind2=" ">
      <subfield code="8">1\c</subfield>
      <subfield code="a">6 scores (6x): p.18-19, 18-19, 18-19, 18-19, 18-19, 18-19</subfield>
      </datafield>
   <datafield tag="593" ind1=" " ind2=" ">
      <subfield code="8">1\c</subfield>
      <subfield code="a">print</subfield>
   </datafield>
   <datafield tag="594" ind1=" " ind2=" ">
      <subfield code="a">Coro T (2), Coro B (2)</subfield>
   </datafield>
   <datafield tag="650" ind1="0" ind2="0">
      <subfield code="a">Partsongs</subfield>
   </datafield>
   <datafield tag="700" ind1="1" ind2=" ">
      <subfield code="a">Wittig</subfield>
      <subfield code="0">30044740</subfield>
      <subfield code="4">lyr</subfield>
   </datafield>
   <datafield tag="773" ind1="0" ind2=" ">
      <subfield code="a">403000808</subfield>
   </datafield>
   <datafield tag="852" ind1=" " ind2=" ">
      <subfield code="a">CH-E</subfield>
      <subfield code="c">137,3 [score 1]</subfield>
      <subfield code="c">137,8 [score 6]; 137,7 [score 5]; 137,6 [score 4]; 137,5 [score 3]; 137,4 [score 2]</subfield>
      <subfield code="x">30000006</subfield>
   </datafield>
   </record>