
<record>
   <leader>00000cdd#a2200000###4500</leader>
   <controlfield tag="001">400011287</controlfield>
   <controlfield tag="003">RISM</controlfield>
   <controlfield tag="005">20090324111111.0</controlfield>
   <controlfield tag="008">100214k17511800gw |||||||||||||||||lat|d</controlfield>
   <datafield tag="031" ind1=" " ind2=" ">
      <subfield code="a">1</subfield>
      <subfield code="b">1</subfield>
      <subfield code="c">1</subfield>
      <subfield code="d">Recitativo.</subfield>
      <subfield code="g">C-1</subfield>
      <subfield code="m">S</subfield>
      <subfield code="o">c</subfield>
      <subfield code="p">8-'G''C'B''CC4-/C8DE8.D6D4D/4-</subfield>
      <subfield code="t">Adeste omnes sanctis, caelitibus</subfield>
      <subfield code="2">pe</subfield>
      <subfield code="u">30496524</subfield>
      </datafield>
   <datafield tag="031" ind1=" " ind2=" ">
      <subfield code="a">1</subfield>
      <subfield code="b">2</subfield>
      <subfield code="c">1</subfield>
      <subfield code="d">Aria. Allegro</subfield>
      <subfield code="o">c</subfield>
      <subfield code="t">Plaudite populi, canoro murmure tympana cytharae tubae sonate</subfield>
      <subfield code="u">30496525</subfield>
      </datafield>
   <datafield tag="041" ind1=" " ind2=" ">
      <subfield code="a">lat</subfield>
   </datafield>
   <datafield tag="100" ind1="1" ind2=" ">
      <subfield code="a">Adlgasser, Anton Cajetan</subfield>
      <subfield code="d">1729-1777</subfield>
      <subfield code="0">30000036</subfield>
   </datafield>
   <datafield tag="240" ind1="1" ind2="0">
      <subfield code="a">Adeste omnes sanctis</subfield>
      <subfield code="m">V (4), orch, org</subfield>
      <subfield code="n">CatAd 5.05</subfield>
      <subfield code="r">C</subfield>
   </datafield>
   <datafield tag="245" ind1="1" ind2="0">
      <subfield code="a">[...] Offertorium | de | Sancto Dominico | &amp; | De Sancta Caecilia. | a Voci conc. | 2 Violini | 2 Clarini | con Organo. | Di Gaetano Antonio | Adlgasser.</subfield>
   </datafield>
   <datafield tag="260" ind1=" " ind2=" ">
      <subfield code="8">1\c</subfield>
      <subfield code="c">1751-1800 (18.2d)</subfield>
   </datafield>
   <datafield tag="300" ind1=" " ind2=" ">
      <subfield code="8">1\c</subfield>
      <subfield code="a">11 parts</subfield>
      <subfield code="c">in -4</subfield>
   </datafield>
   <datafield tag="500" ind1=" " ind2=" ">
      <subfield code="a">Signatur laut CatAd.: Th 277,9</subfield>
   </datafield>
   <datafield tag="500" ind1=" " ind2=" ">
      <subfield code="a">Vermerk: "C. N. 3. / Sch. / Salisb"</subfield>
   </datafield>
   <datafield tag="510" ind1="1" ind2=" ">
      <subfield code="a">CatAd</subfield>
      <subfield code="c">p.245, fig.1B</subfield>
      </datafield>
   <datafield tag="590" ind1=" " ind2=" ">
      <subfield code="8">1\c</subfield>
      <subfield code="a">S, A, T, B, vl 1, 2, vla, vlne, org (= b.fig), clno 1, 2</subfield>
   </datafield>
   <datafield tag="593" ind1=" " ind2=" ">
      <subfield code="8">1\c</subfield>
      <subfield code="a">manuscript</subfield>
   </datafield>
   <datafield tag="594" ind1=" " ind2=" ">
      <subfield code="a">A, T, B, vl 1, vl 2, vla, vlne, clno (2), org, S</subfield>
   </datafield>
   <datafield tag="650" ind1="0" ind2="0">
      <subfield code="a">Offertories</subfield>
   </datafield>
   <datafield tag="657" ind1=" " ind2="7">
      <subfield code="a">Caeciliae Virginis Martyris</subfield>
   </datafield>
   <datafield tag="657" ind1=" " ind2="7">
      <subfield code="a">Dominici Confessoris</subfield>
   </datafield>
   <datafield tag="700" ind1="1" ind2=" ">
      <subfield code="8">1\c</subfield>
      <subfield code="a">Raab, Maximilian</subfield>
      <subfield code="0">30073457</subfield>
      <subfield code="4">scr</subfield>
   </datafield>
   <datafield tag="852" ind1=" " ind2=" ">
      <subfield code="a">CH-E</subfield>
      <subfield code="c">377,9 (Ms.3325)</subfield>
      <subfield code="x">30000006</subfield>
   </datafield>
   </record>