
<record>
   <leader>00000cdd#a2200000###4500</leader>
   <controlfield tag="001">400011282</controlfield>
   <controlfield tag="003">RISM</controlfield>
   <controlfield tag="005">20091012111111.0</controlfield>
   <controlfield tag="008">100214s1765||||gw |||||||||||||||||lat|d</controlfield>
   <datafield tag="031" ind1=" " ind2=" ">
      <subfield code="a">1</subfield>
      <subfield code="b">1</subfield>
      <subfield code="c">1</subfield>
      <subfield code="d">Vivace</subfield>
      <subfield code="g">C-1</subfield>
      <subfield code="m">S</subfield>
      <subfield code="o">c</subfield>
      <subfield code="p">''8C/4E8FFFE-E/8.D{3FD}8C'B''C'GGA/4.F8FE</subfield>
      <subfield code="r">C</subfield>
      <subfield code="t">Confirma hoc Deus, quod operatus es nobis</subfield>
      <subfield code="2">pe</subfield>
      <subfield code="u">30496494</subfield>
      </datafield>
   <datafield tag="031" ind1=" " ind2=" ">
      <subfield code="a">1</subfield>
      <subfield code="b">2</subfield>
      <subfield code="c">1</subfield>
      <subfield code="d">Confirma, a capella moderna.</subfield>
      <subfield code="o">c/</subfield>
      <subfield code="u">30496495</subfield>
      </datafield>
   <datafield tag="031" ind1=" " ind2=" ">
      <subfield code="a">1</subfield>
      <subfield code="b">3</subfield>
      <subfield code="c">1</subfield>
      <subfield code="d">a templo. Comodo</subfield>
      <subfield code="o">3/8</subfield>
      <subfield code="u">30496496</subfield>
      </datafield>
   <datafield tag="041" ind1=" " ind2=" ">
      <subfield code="a">lat</subfield>
   </datafield>
   <datafield tag="100" ind1="1" ind2=" ">
      <subfield code="a">Adlgasser, Anton Cajetan</subfield>
      <subfield code="d">1729-1777</subfield>
      <subfield code="0">30000036</subfield>
   </datafield>
   <datafield tag="240" ind1="1" ind2="0">
      <subfield code="a">Confirma hoc Deus</subfield>
      <subfield code="m">V (4), strings, org</subfield>
      <subfield code="n">CatAd 5.03b</subfield>
      <subfield code="r">C</subfield>
   </datafield>
   <datafield tag="245" ind1="1" ind2="0">
      <subfield code="a">Offertorium | Pro | Pentecoste | a | C. A. T. B. | Viol. 1|m|o et 2|d|o | Violone | &amp; Organo. | Auth. Cajetan | Adelgasser. | Pro Choro Weingart[ensi]. | 1786.</subfield>
   </datafield>
   <datafield tag="260" ind1=" " ind2=" ">
      <subfield code="8">1\c</subfield>
      <subfield code="c">1765 (1765p)</subfield>
   </datafield>
   <datafield tag="300" ind1=" " ind2=" ">
      <subfield code="8">1\c</subfield>
      <subfield code="a">8 parts</subfield>
      <subfield code="c">in quer-4</subfield>
   </datafield>
   <datafield tag="500" ind1=" " ind2=" ">
      <subfield code="a">Vermerk: "B. No.2. 2 / Sch. Salisb"</subfield>
   </datafield>
   <datafield tag="500" ind1=" " ind2=" ">
      <subfield code="a">Titelblatt von anderer Hand</subfield>
   </datafield>
   <datafield tag="510" ind1="1" ind2=" ">
      <subfield code="a">HankeKnausW 2003</subfield>
      <subfield code="c">p.111</subfield>
   </datafield>
   <datafield tag="510" ind1="1" ind2=" ">
      <subfield code="a">CatAd</subfield>
      <subfield code="c">p.246, fig.1C</subfield>
   </datafield>
   <datafield tag="561" ind1=" " ind2=" ">
      <subfield code="a">Chor, Weingarten</subfield>
   </datafield>
   <datafield tag="590" ind1=" " ind2=" ">
      <subfield code="8">1\c</subfield>
      <subfield code="a">S, A, T, B, vl 1, 2, vlne or fag, org (= b.fig)</subfield>
   </datafield>
   <datafield tag="591" ind1="0" ind2="0">
      <subfield code="a">Ms. 3324</subfield>
   </datafield>
   <datafield tag="593" ind1=" " ind2=" ">
      <subfield code="8">1\c</subfield>
      <subfield code="a">manuscript</subfield>
   </datafield>
   <datafield tag="594" ind1=" " ind2=" ">
      <subfield code="a">B, vl 1, vl 2, vlne, fag (vlne), S, A, T, org</subfield>
   </datafield>
   <datafield tag="650" ind1="0" ind2="0">
      <subfield code="a">Offertories</subfield>
   </datafield>
   <datafield tag="657" ind1=" " ind2="7">
      <subfield code="a">Pentecostes</subfield>
   </datafield>
   <datafield tag="700" ind1="1" ind2=" ">
      <subfield code="8">1\c</subfield>
      <subfield code="a">Estlinger, Joseph Richard</subfield>
      <subfield code="0">30049816</subfield>
      <subfield code="4">scr</subfield>
   </datafield>
   <datafield tag="710" ind1="1" ind2=" ">
      <subfield code="a">Chor (Weingarten)</subfield>
      <subfield code="0">30000515</subfield>
      <subfield code="4">fmo</subfield>
   </datafield>
   <datafield tag="852" ind1=" " ind2=" ">
      <subfield code="a">CH-E</subfield>
      <subfield code="c">377,8</subfield>
      <subfield code="x">30000006</subfield>
   </datafield>
   </record>