
<record>
   <leader>00000cdd#a2200000###4500</leader>
   <controlfield tag="001">400011285</controlfield>
   <controlfield tag="003">RISM</controlfield>
   <controlfield tag="005">20091012111111.0</controlfield>
   <controlfield tag="008">100214s1766||||gw |||||||||||||||||lat|d</controlfield>
   <datafield tag="031" ind1=" " ind2=" ">
      <subfield code="a">1</subfield>
      <subfield code="b">1</subfield>
      <subfield code="c">1</subfield>
      <subfield code="d">Andante moderato</subfield>
      <subfield code="g">C-1</subfield>
      <subfield code="m">S</subfield>
      <subfield code="o">3/4</subfield>
      <subfield code="p">=12/@c ''8DDDE4F8FE/C6CC4-2-/</subfield>
      <subfield code="r">C</subfield>
      <subfield code="t">Deo in altissimis gloria</subfield>
      <subfield code="2">pe</subfield>
      <subfield code="u">30496518</subfield>
      </datafield>
   <datafield tag="031" ind1=" " ind2=" ">
      <subfield code="a">1</subfield>
      <subfield code="b">2</subfield>
      <subfield code="c">1</subfield>
      <subfield code="d">Aria. Allegretto</subfield>
      <subfield code="m">V</subfield>
      <subfield code="o">2/4</subfield>
      <subfield code="t">Pia novis plebs pastorum</subfield>
      <subfield code="u">30496519</subfield>
      </datafield>
   <datafield tag="031" ind1=" " ind2=" ">
      <subfield code="a">1</subfield>
      <subfield code="b">3</subfield>
      <subfield code="c">1</subfield>
      <subfield code="d">Coro. Allegro moderato</subfield>
      <subfield code="m">V</subfield>
      <subfield code="o">3/4</subfield>
      <subfield code="t">Currite socii</subfield>
      <subfield code="u">30496520</subfield>
      </datafield>
   <datafield tag="041" ind1=" " ind2=" ">
      <subfield code="a">lat</subfield>
   </datafield>
   <datafield tag="100" ind1="1" ind2=" ">
      <subfield code="a">Adlgasser, Anton Cajetan</subfield>
      <subfield code="d">1729-1777</subfield>
      <subfield code="0">30000036</subfield>
   </datafield>
   <datafield tag="240" ind1="1" ind2="0">
      <subfield code="a">Deo in altissimis gloria</subfield>
      <subfield code="m">V (4), orch, org</subfield>
      <subfield code="n">CatAd 5.10</subfield>
      <subfield code="r">C</subfield>
   </datafield>
   <datafield tag="245" ind1="1" ind2="0">
      <subfield code="a">Offertorio | per il | Natale de Nostro Sig|r|e | a | Soprano. Alto | Tenore. Basso | 2 Violini | 2 Clarini | Timpani | Viola | Violone | e | Organo | Del Sig|r|e Gaetano Adlgasser | a | Salisburgo</subfield>
   </datafield>
   <datafield tag="260" ind1=" " ind2=" ">
      <subfield code="8">1\c</subfield>
      <subfield code="c">1766 (1766c)</subfield>
   </datafield>
   <datafield tag="300" ind1=" " ind2=" ">
      <subfield code="8">1\c</subfield>
      <subfield code="a">12 parts</subfield>
      <subfield code="c">in -4</subfield>
   </datafield>
   <datafield tag="500" ind1=" " ind2=" ">
      <subfield code="a">Vermerk: B. No.2. 4. / Sch. Salisb</subfield>
   </datafield>
   <datafield tag="510" ind1="1" ind2=" ">
      <subfield code="a">CatAd</subfield>
      <subfield code="c">p.246, fig.1C</subfield>
      </datafield>
   <datafield tag="590" ind1=" " ind2=" ">
      <subfield code="8">1\c</subfield>
      <subfield code="a">S, A, T, B, vl 1, 2, vla, vlne, org (= b.fig), tr 1, 2, timp</subfield>
   </datafield>
   <datafield tag="593" ind1=" " ind2=" ">
      <subfield code="8">1\c</subfield>
      <subfield code="a">manuscript</subfield>
   </datafield>
   <datafield tag="594" ind1=" " ind2=" ">
      <subfield code="a">vl 2, vla, b, tr (2), timp, org, S, A, T, B, vl 1</subfield>
   </datafield>
   <datafield tag="650" ind1="0" ind2="0">
      <subfield code="a">Offertories</subfield>
   </datafield>
   <datafield tag="657" ind1=" " ind2="7">
      <subfield code="a">Nativitas Domini</subfield>
   </datafield>
   <datafield tag="700" ind1="1" ind2=" ">
      <subfield code="8">1\c</subfield>
      <subfield code="a">Estlinger, Joseph Richard</subfield>
      <subfield code="0">30049816</subfield>
      <subfield code="4">scr</subfield>
   </datafield>
   <datafield tag="852" ind1=" " ind2=" ">
      <subfield code="a">CH-E</subfield>
      <subfield code="c">377,6 (Ms.3322)</subfield>
      <subfield code="x">30000006</subfield>
   </datafield>
   </record>