
<record>
   <leader>00000cdd#a2200000###4500</leader>
   <controlfield tag="001">400011286</controlfield>
   <controlfield tag="003">RISM</controlfield>
   <controlfield tag="005">20090319111111.0</controlfield>
   <controlfield tag="008">100214s1765||||gw |||||||||||||||||lat|d</controlfield>
   <datafield tag="031" ind1=" " ind2=" ">
      <subfield code="a">1</subfield>
      <subfield code="b">1</subfield>
      <subfield code="c">1</subfield>
      <subfield code="d">Allegro moderato</subfield>
      <subfield code="g">C-1</subfield>
      <subfield code="m">S</subfield>
      <subfield code="o">c</subfield>
      <subfield code="p">=25/''8.C6C4C8C'B-G/4G8.G6G4GG/</subfield>
      <subfield code="t">Domine Deus in simplicitate, cordis mei</subfield>
      <subfield code="2">pe</subfield>
      <subfield code="u">30496522</subfield>
      </datafield>
   <datafield tag="041" ind1=" " ind2=" ">
      <subfield code="a">lat</subfield>
   </datafield>
   <datafield tag="100" ind1="1" ind2=" ">
      <subfield code="a">Adlgasser, Anton Cajetan</subfield>
      <subfield code="d">1729-1777</subfield>
      <subfield code="0">30000036</subfield>
   </datafield>
   <datafield tag="240" ind1="1" ind2="0">
      <subfield code="a">Domine Deus in simplicitate</subfield>
      <subfield code="m">V (4), orch, org</subfield>
      <subfield code="n">CatAd 5.07</subfield>
      <subfield code="r">C</subfield>
   </datafield>
   <datafield tag="245" ind1="1" ind2="0">
      <subfield code="a">Offertorium | a | 4 Voci | 2 Violini | 2 Oboe | [...] | 2 Corni | Viola | Violone | e | Organo | Del Sig:re Gaetano Adlgasser | a | Salisburgo</subfield>
   </datafield>
   <datafield tag="260" ind1=" " ind2=" ">
      <subfield code="8">1\c</subfield>
      <subfield code="c">1765 (1765p)</subfield>
   </datafield>
   <datafield tag="300" ind1=" " ind2=" ">
      <subfield code="8">1\c</subfield>
      <subfield code="a">15 parts</subfield>
      <subfield code="c">in -4</subfield>
   </datafield>
   <datafield tag="500" ind1=" " ind2=" ">
      <subfield code="a">Vermerk: B. No.1. 3. / Sch. Salisb:</subfield>
   </datafield>
   <datafield tag="500" ind1=" " ind2=" ">
      <subfield code="8">1\c</subfield>
      <subfield code="a">transponierte ob 1, 2 von anderer Hand</subfield>
   </datafield>
   <datafield tag="510" ind1="1" ind2=" ">
      <subfield code="a">CatAd</subfield>
      <subfield code="c">p.246, fig.1C</subfield>
      </datafield>
   <datafield tag="590" ind1=" " ind2=" ">
      <subfield code="8">1\c</subfield>
      <subfield code="a">S, A, T, B, vl 1, 2, vla, vlne, org (= b.fig), ob 1, 2, ob 1, 2 (transposed), cor 1, 2</subfield>
   </datafield>
   <datafield tag="593" ind1=" " ind2=" ">
      <subfield code="8">1\c</subfield>
      <subfield code="a">manuscript</subfield>
   </datafield>
   <datafield tag="594" ind1=" " ind2=" ">
      <subfield code="a">S, A, T, B, vl 1, vl 2, vla, b, ob (2), cor (2), org</subfield>
   </datafield>
   <datafield tag="650" ind1="0" ind2="0">
      <subfield code="a">Offertories</subfield>
   </datafield>
   <datafield tag="700" ind1="1" ind2=" ">
      <subfield code="8">1\c</subfield>
      <subfield code="a">Estlinger, Joseph Richard</subfield>
      <subfield code="0">30049816</subfield>
      <subfield code="4">scr</subfield>
   </datafield>
   <datafield tag="852" ind1=" " ind2=" ">
      <subfield code="a">CH-E</subfield>
      <subfield code="c">377,5 (Ms.3321)</subfield>
      <subfield code="x">30000006</subfield>
   </datafield>
   </record>