
<record>
   <leader>00000cdd#a2200000###4500</leader>
   <controlfield tag="001">400011283</controlfield>
   <controlfield tag="003">RISM</controlfield>
   <controlfield tag="005">20090119111111.0</controlfield>
   <controlfield tag="008">100214k17001799gw |||||||||||||||||lat|d</controlfield>
   <datafield tag="031" ind1=" " ind2=" ">
      <subfield code="a">1</subfield>
      <subfield code="b">1</subfield>
      <subfield code="c">1</subfield>
      <subfield code="d">Largo non troppo</subfield>
      <subfield code="g">C-1</subfield>
      <subfield code="m">S</subfield>
      <subfield code="n">bB</subfield>
      <subfield code="o">c/</subfield>
      <subfield code="p">=8/''4.F8F4FF/2F+4.F8C/2C-/</subfield>
      <subfield code="t">Kyrie eleison Christe eleison Kyrie eleison Christe audi nos</subfield>
      <subfield code="2">pe</subfield>
      <subfield code="u">30496498</subfield>
      </datafield>
   <datafield tag="031" ind1=" " ind2=" ">
      <subfield code="a">1</subfield>
      <subfield code="b">2</subfield>
      <subfield code="c">1</subfield>
      <subfield code="d">Solo. Vivace</subfield>
      <subfield code="o">c</subfield>
      <subfield code="u">30496499</subfield>
      </datafield>
   <datafield tag="031" ind1=" " ind2=" ">
      <subfield code="a">1</subfield>
      <subfield code="b">3</subfield>
      <subfield code="c">1</subfield>
      <subfield code="d">Tutti. Andante maestoso</subfield>
      <subfield code="o">3/4</subfield>
      <subfield code="t">Miserere nobis</subfield>
      <subfield code="u">30496500</subfield>
      </datafield>
   <datafield tag="031" ind1=" " ind2=" ">
      <subfield code="a">1</subfield>
      <subfield code="b">4</subfield>
      <subfield code="c">1</subfield>
      <subfield code="d">Andantino</subfield>
      <subfield code="o">2/4</subfield>
      <subfield code="t">Sacratissima</subfield>
      <subfield code="u">30496501</subfield>
      </datafield>
   <datafield tag="031" ind1=" " ind2=" ">
      <subfield code="a">1</subfield>
      <subfield code="b">5</subfield>
      <subfield code="c">1</subfield>
      <subfield code="d">Largo assai</subfield>
      <subfield code="o">c</subfield>
      <subfield code="t">Tremendum</subfield>
      <subfield code="u">30496502</subfield>
      </datafield>
   <datafield tag="031" ind1=" " ind2=" ">
      <subfield code="a">1</subfield>
      <subfield code="b">6</subfield>
      <subfield code="c">1</subfield>
      <subfield code="d">Andante</subfield>
      <subfield code="o">3/8</subfield>
      <subfield code="t">Panis omnipotentia verbi</subfield>
      <subfield code="u">30496503</subfield>
      </datafield>
   <datafield tag="031" ind1=" " ind2=" ">
      <subfield code="a">1</subfield>
      <subfield code="b">7</subfield>
      <subfield code="c">1</subfield>
      <subfield code="d">Adagio</subfield>
      <subfield code="o">c</subfield>
      <subfield code="t">Viaticum in Domino morientium</subfield>
      <subfield code="u">30496504</subfield>
      </datafield>
   <datafield tag="031" ind1=" " ind2=" ">
      <subfield code="a">1</subfield>
      <subfield code="b">8</subfield>
      <subfield code="c">1</subfield>
      <subfield code="d">Allegro</subfield>
      <subfield code="o">c</subfield>
      <subfield code="t">Pignus futurae gloriae</subfield>
      <subfield code="u">30496505</subfield>
      </datafield>
   <datafield tag="031" ind1=" " ind2=" ">
      <subfield code="a">1</subfield>
      <subfield code="b">9</subfield>
      <subfield code="c">1</subfield>
      <subfield code="o">c</subfield>
      <subfield code="t">Agnus Dei qui tollis peccata mundi parce nobis Domine</subfield>
      <subfield code="u">30496506</subfield>
      </datafield>
   <datafield tag="041" ind1=" " ind2=" ">
      <subfield code="a">lat</subfield>
   </datafield>
   <datafield tag="100" ind1="1" ind2=" ">
      <subfield code="a">Adlgasser, Anton Cajetan</subfield>
      <subfield code="d">1729-1777</subfield>
      <subfield code="0">30000036</subfield>
   </datafield>
   <datafield tag="240" ind1="1" ind2="0">
      <subfield code="a">Litanies</subfield>
      <subfield code="m">V (4), orch, org</subfield>
      <subfield code="n">CatAd 3.52</subfield>
      <subfield code="r">F</subfield>
   </datafield>
   <datafield tag="245" ind1="1" ind2="0">
      <subfield code="a">Lytaniae de SS. Sacramento. a | 4 Voci | 2 Violini | 2 Oboe e Flauti | 2 Clarini | 2 Corni | Timpani | 4 Voci Rip|n|i | Fagotti | 2 Viole | Violone | e | Organo | Del Sig|r|e Gaetano Adlgasser | a | Salisburgo | [...]</subfield>
   </datafield>
   <datafield tag="260" ind1=" " ind2=" ">
      <subfield code="8">1\c</subfield>
      <subfield code="c">1700-1799 (18.sc)</subfield>
   </datafield>
   <datafield tag="300" ind1=" " ind2=" ">
      <subfield code="8">1\c</subfield>
      <subfield code="a">20 parts</subfield>
      <subfield code="c">in -4</subfield>
   </datafield>
   <datafield tag="500" ind1=" " ind2=" ">
      <subfield code="a">Vermerk: B. No.2. 1. Sch. Salisb</subfield>
   </datafield>
   <datafield tag="590" ind1=" " ind2=" ">
      <subfield code="8">1\c</subfield>
      <subfield code="a">S, A, T, B, vl 1 (2x), vl 2 (2x), vla, vlne, b.fig, fl 1, 2, ob 1, 2, fag, cor 1, 2, tr 1, 2</subfield>
   </datafield>
   <datafield tag="593" ind1=" " ind2=" ">
      <subfield code="8">1\c</subfield>
      <subfield code="a">manuscript</subfield>
   </datafield>
   <datafield tag="594" ind1=" " ind2=" ">
      <subfield code="a">S, A, T, vl 1, vl 2, vla, b, fl (2), fag, cor (2), tr (2), org, B, ob (2)</subfield>
   </datafield>
   <datafield tag="650" ind1="0" ind2="0">
      <subfield code="a">Litanies</subfield>
   </datafield>
   <datafield tag="657" ind1=" " ind2="7">
      <subfield code="a">De Sanctissimo Sacramento</subfield>
   </datafield>
   <datafield tag="852" ind1=" " ind2=" ">
      <subfield code="a">CH-E</subfield>
      <subfield code="c">377,7 (Ms.3323)</subfield>
      <subfield code="x">30000006</subfield>
   </datafield>
   </record>