
<record>
   <leader>00000cdd#a2200000###4500</leader>
   <controlfield tag="001">400014367</controlfield>
   <controlfield tag="003">RISM</controlfield>
   <controlfield tag="005">20090119111111.0</controlfield>
   <controlfield tag="008">100214s1755||||gw |||||||||||||||||lat|d</controlfield>
   <datafield tag="031" ind1=" " ind2=" ">
      <subfield code="a">1</subfield>
      <subfield code="b">1</subfield>
      <subfield code="c">1</subfield>
      <subfield code="d">Adagio</subfield>
      <subfield code="g">C-1</subfield>
      <subfield code="m">S</subfield>
      <subfield code="o">c</subfield>
      <subfield code="p">''4.C8C'2C/4.A8A4GG/2xF4G-/2-8-''4E8C/</subfield>
      <subfield code="r">C</subfield>
      <subfield code="t">Requiem, aeternam dona eis Domine</subfield>
      <subfield code="2">pe</subfield>
      <subfield code="u">30509281</subfield>
      </datafield>
   <datafield tag="031" ind1=" " ind2=" ">
      <subfield code="a">1</subfield>
      <subfield code="b">2</subfield>
      <subfield code="c">1</subfield>
      <subfield code="m">V</subfield>
      <subfield code="o">3/4</subfield>
      <subfield code="t">Exaudi orationem meam, ad te omnis caro veniet</subfield>
      <subfield code="u">30509282</subfield>
      </datafield>
   <datafield tag="031" ind1=" " ind2=" ">
      <subfield code="a">1</subfield>
      <subfield code="b">3</subfield>
      <subfield code="c">1</subfield>
      <subfield code="d">Adagio</subfield>
      <subfield code="m">V</subfield>
      <subfield code="o">c</subfield>
      <subfield code="t">Requiem, aeternam dona eis Domine</subfield>
      <subfield code="u">30509283</subfield>
      </datafield>
   <datafield tag="031" ind1=" " ind2=" ">
      <subfield code="a">1</subfield>
      <subfield code="b">4</subfield>
      <subfield code="c">1</subfield>
      <subfield code="d">Allegro</subfield>
      <subfield code="m">V</subfield>
      <subfield code="o">c</subfield>
      <subfield code="t">Kyrie, eleison Christe eleison Kyrie eleison</subfield>
      <subfield code="u">30509284</subfield>
      </datafield>
   <datafield tag="031" ind1=" " ind2=" ">
      <subfield code="a">1</subfield>
      <subfield code="b">5</subfield>
      <subfield code="c">1</subfield>
      <subfield code="d">Allegro</subfield>
      <subfield code="m">V</subfield>
      <subfield code="o">c</subfield>
      <subfield code="t">Dies irae, dies illa solvet saeclum in favilla</subfield>
      <subfield code="u">30509285</subfield>
      </datafield>
   <datafield tag="031" ind1=" " ind2=" ">
      <subfield code="a">1</subfield>
      <subfield code="b">6</subfield>
      <subfield code="c">1</subfield>
      <subfield code="d">Andante</subfield>
      <subfield code="m">V</subfield>
      <subfield code="o">3/4</subfield>
      <subfield code="t">Judex ergo cum sedebit</subfield>
      <subfield code="u">30509286</subfield>
      </datafield>
   <datafield tag="031" ind1=" " ind2=" ">
      <subfield code="a">1</subfield>
      <subfield code="b">7</subfield>
      <subfield code="c">1</subfield>
      <subfield code="d">Andante</subfield>
      <subfield code="m">V</subfield>
      <subfield code="o">c</subfield>
      <subfield code="t">Lacrimosa dies illa, qua resurget ex favilla</subfield>
      <subfield code="u">30509287</subfield>
      </datafield>
   <datafield tag="031" ind1=" " ind2=" ">
      <subfield code="a">1</subfield>
      <subfield code="b">8</subfield>
      <subfield code="c">1</subfield>
      <subfield code="d">Andante</subfield>
      <subfield code="m">V</subfield>
      <subfield code="o">c</subfield>
      <subfield code="t">Domine Jesu Christe, rex gloriae</subfield>
      <subfield code="u">30509288</subfield>
      </datafield>
   <datafield tag="031" ind1=" " ind2=" ">
      <subfield code="a">1</subfield>
      <subfield code="b">9</subfield>
      <subfield code="c">1</subfield>
      <subfield code="d">Alla breve</subfield>
      <subfield code="m">V</subfield>
      <subfield code="o">c/</subfield>
      <subfield code="t">Quam olim Abrahae promisisti, et semini ejus</subfield>
      <subfield code="u">30509289</subfield>
      </datafield>
   <datafield tag="031" ind1=" " ind2=" ">
      <subfield code="a">1</subfield>
      <subfield code="b">10</subfield>
      <subfield code="c">1</subfield>
      <subfield code="d">Andante</subfield>
      <subfield code="m">V</subfield>
      <subfield code="o">3/4</subfield>
      <subfield code="t">Hostias et preces, tibi Domine</subfield>
      <subfield code="u">30509290</subfield>
      </datafield>
   <datafield tag="031" ind1=" " ind2=" ">
      <subfield code="a">1</subfield>
      <subfield code="b">11</subfield>
      <subfield code="c">1</subfield>
      <subfield code="d">Risoluto</subfield>
      <subfield code="m">V</subfield>
      <subfield code="o">3/4</subfield>
      <subfield code="t">Pleni sunt caeli, et terra gloria tua</subfield>
      <subfield code="u">30509291</subfield>
      </datafield>
   <datafield tag="031" ind1=" " ind2=" ">
      <subfield code="a">1</subfield>
      <subfield code="b">12</subfield>
      <subfield code="c">1</subfield>
      <subfield code="d">Andantino</subfield>
      <subfield code="m">V</subfield>
      <subfield code="o">c</subfield>
      <subfield code="t">Benedictus, qui venit in nomine Domini hosanna in excelsis</subfield>
      <subfield code="u">30509292</subfield>
      </datafield>
   <datafield tag="031" ind1=" " ind2=" ">
      <subfield code="a">1</subfield>
      <subfield code="b">13</subfield>
      <subfield code="c">1</subfield>
      <subfield code="m">V</subfield>
      <subfield code="o">3/4</subfield>
      <subfield code="t">Hosanna in excelsis</subfield>
      <subfield code="u">30509293</subfield>
      </datafield>
   <datafield tag="031" ind1=" " ind2=" ">
      <subfield code="a">1</subfield>
      <subfield code="b">14</subfield>
      <subfield code="c">1</subfield>
      <subfield code="d">Moderato</subfield>
      <subfield code="m">V</subfield>
      <subfield code="o">3/4</subfield>
      <subfield code="t">Agnus Dei qui tollis peccata mundi dona eis requiem</subfield>
      <subfield code="u">30509294</subfield>
      </datafield>
   <datafield tag="031" ind1=" " ind2=" ">
      <subfield code="a">1</subfield>
      <subfield code="b">15</subfield>
      <subfield code="c">1</subfield>
      <subfield code="m">V</subfield>
      <subfield code="o">c</subfield>
      <subfield code="t">Requiem, aeternam dona eis Domine</subfield>
      <subfield code="u">30509295</subfield>
      </datafield>
   <datafield tag="041" ind1=" " ind2=" ">
      <subfield code="a">lat</subfield>
   </datafield>
   <datafield tag="100" ind1="1" ind2=" ">
      <subfield code="a">Adlgasser, Anton Cajetan</subfield>
      <subfield code="d">1729-1777</subfield>
      <subfield code="0">30000036</subfield>
   </datafield>
   <datafield tag="240" ind1="1" ind2="0">
      <subfield code="a">Requiems</subfield>
      <subfield code="m">V (4), orch, org</subfield>
      <subfield code="n">CatAd 2.02</subfield>
      <subfield code="r">C</subfield>
   </datafield>
   <datafield tag="245" ind1="1" ind2="0">
      <subfield code="a">Requiem</subfield>
   </datafield>
   <datafield tag="260" ind1=" " ind2=" ">
      <subfield code="8">1\c</subfield>
      <subfield code="c">1755 (1755)</subfield>
   </datafield>
   <datafield tag="300" ind1=" " ind2=" ">
      <subfield code="8">1\c</subfield>
      <subfield code="a">11 parts</subfield>
      <subfield code="c">in -2</subfield>
   </datafield>
   <datafield tag="590" ind1=" " ind2=" ">
      <subfield code="8">1\c</subfield>
      <subfield code="a">S, A, T, B, vl 1, 2, vlne, org.fig, clno 1, 2, timp</subfield>
   </datafield>
   <datafield tag="593" ind1=" " ind2=" ">
      <subfield code="8">1\c</subfield>
      <subfield code="a">manuscript</subfield>
   </datafield>
   <datafield tag="594" ind1=" " ind2=" ">
      <subfield code="a">S, T, B, vl 1, vl 2, b, tr (2), timp, org, A</subfield>
   </datafield>
   <datafield tag="650" ind1="0" ind2="0">
      <subfield code="a">Requiems</subfield>
   </datafield>
   <datafield tag="852" ind1=" " ind2=" ">
      <subfield code="a">CH-E</subfield>
      <subfield code="c">196,6 (Ms.2735)</subfield>
      <subfield code="x">30000006</subfield>
   </datafield>
   </record>