
<record>
   <leader>00000cdd#a2200000###4500</leader>
   <controlfield tag="001">402006604</controlfield>
   <controlfield tag="003">RISM</controlfield>
   <controlfield tag="005">20060823111111.0</controlfield>
   <controlfield tag="008">100214|||||||||gw |||||||||||||||||ger|d</controlfield>
   <datafield tag="031" ind1=" " ind2=" ">
      <subfield code="a">1</subfield>
      <subfield code="b">1</subfield>
      <subfield code="c">1</subfield>
      <subfield code="d">Allegretto</subfield>
      <subfield code="g">G-2</subfield>
      <subfield code="m">S</subfield>
      <subfield code="n">xFCG</subfield>
      <subfield code="o">2/8</subfield>
      <subfield code="p">'8E/A6GA/8B''6{CD}/4E/8D6ED/4C/'B/8A-/</subfield>
      <subfield code="r">A</subfield>
      <subfield code="t">Ich möchte eine Laute haben</subfield>
      <subfield code="2">pe</subfield>
      <subfield code="u">30589410</subfield>
      </datafield>
   <datafield tag="041" ind1=" " ind2=" ">
      <subfield code="a">ger</subfield>
   </datafield>
   <datafield tag="100" ind1="1" ind2=" ">
      <subfield code="a">Aeschbacher, Carl</subfield>
      <subfield code="d">1886-1944</subfield>
      <subfield code="0">30015031</subfield>
   </datafield>
   <datafield tag="240" ind1="1" ind2="0">
      <subfield code="a">Mit einer Laute</subfield>
      <subfield code="m">Coro</subfield>
      <subfield code="r">A</subfield>
   </datafield>
   <datafield tag="245" ind1="1" ind2="0">
      <subfield code="a">[caption title:] Dem Gesangsverein Langenthal gewidmet. | Mit einer Laute. | (Hans Mühlestein.) | Karl Aeschbacher.</subfield>
   </datafield>
   <datafield tag="300" ind1=" " ind2=" ">
      <subfield code="8">1\c</subfield>
      <subfield code="a">5 scores (2 staves/5x): 4, 4, 4, 4, 4p.</subfield>
      <subfield code="c">27 x 17 cm</subfield>
   </datafield>
   <datafield tag="500" ind1=" " ind2=" ">
      <subfield code="a">Stempel auf Seite 1 oben rechts:  "DOMCHOR / CÄCILIENVEREIN / ST. GALLEN"</subfield>
   </datafield>
   <datafield tag="510" ind1="1" ind2=" ">
      <subfield code="a">RepertoriumSt.Gallen</subfield>
      </datafield>
   <datafield tag="561" ind1=" " ind2=" ">
      <subfield code="a">Cäcilienverein, Sankt Gallen</subfield>
   </datafield>
   <datafield tag="593" ind1=" " ind2=" ">
      <subfield code="8">1\c</subfield>
      <subfield code="a">print</subfield>
   </datafield>
   <datafield tag="594" ind1=" " ind2=" ">
      <subfield code="a">Coro S, Coro A, Coro T, Coro B</subfield>
   </datafield>
   <datafield tag="650" ind1="0" ind2="0">
      <subfield code="a">Partsongs</subfield>
   </datafield>
   <datafield tag="700" ind1="1" ind2=" ">
      <subfield code="a">Mühlestein, Hans</subfield>
      <subfield code="0">30044519</subfield>
      <subfield code="4">lyr</subfield>
   </datafield>
   <datafield tag="700" ind1="1" ind2=" ">
      <subfield code="a">Gesangsverein Langenthal</subfield>
      <subfield code="0">30044520</subfield>
      <subfield code="4">dte</subfield>
   </datafield>
   <datafield tag="710" ind1="1" ind2=" ">
      <subfield code="a">Cäcilienverein (Sankt Gallen)</subfield>
      <subfield code="0">30023427</subfield>
      <subfield code="4">fmo</subfield>
   </datafield>
   <datafield tag="852" ind1=" " ind2=" ">
      <subfield code="a">CH-SGd</subfield>
      <subfield code="c">ArchDom 1/2</subfield>
      <subfield code="x">30000213</subfield>
   </datafield>
   </record>