
<record>
   <leader>00000cdd#a2200000###4500</leader>
   <controlfield tag="001">400014663</controlfield>
   <controlfield tag="003">RISM</controlfield>
   <controlfield tag="005">20060823111111.0</controlfield>
   <controlfield tag="008">100214s1800||||gw |||||||||||||||||||||d</controlfield>
   <datafield tag="031" ind1=" " ind2=" ">
      <subfield code="a">1</subfield>
      <subfield code="b">1</subfield>
      <subfield code="c">1</subfield>
      <subfield code="d">Andante</subfield>
      <subfield code="g">G-2</subfield>
      <subfield code="m">fl</subfield>
      <subfield code="n">xFC</subfield>
      <subfield code="o">6/8</subfield>
      <subfield code="p">{'8.A6B8A}{''8.F6EDC}/4.D'4A8-/{8.A6B8A}{''8.B6AGxD}/4.E'4A8-/</subfield>
      <subfield code="2">pe</subfield>
      <subfield code="u">30510360</subfield>
      </datafield>
   <datafield tag="031" ind1=" " ind2=" ">
      <subfield code="a">1</subfield>
      <subfield code="b">2</subfield>
      <subfield code="c">1</subfield>
      <subfield code="d">Thema con 6 Variazioni. Maestoso</subfield>
      <subfield code="o">c</subfield>
      <subfield code="u">30510361</subfield>
      </datafield>
   <datafield tag="031" ind1=" " ind2=" ">
      <subfield code="a">1</subfield>
      <subfield code="b">3</subfield>
      <subfield code="c">1</subfield>
      <subfield code="d">Polonaise / Trio. Tempo grazioso</subfield>
      <subfield code="o">3/4</subfield>
      <subfield code="u">30510362</subfield>
      </datafield>
   <datafield tag="100" ind1="1" ind2=" ">
      <subfield code="a">Affolter, Joseph</subfield>
      <subfield code="d">1824+</subfield>
      <subfield code="0">30000038</subfield>
   </datafield>
   <datafield tag="240" ind1="1" ind2="0">
      <subfield code="a">Divertissement</subfield>
      <subfield code="m">vla, fl, pf</subfield>
      <subfield code="r">D</subfield>
   </datafield>
   <datafield tag="245" ind1="1" ind2="0">
      <subfield code="a">Divertissement | pour | Piano-Forte, Flûte et Alto | composé et dédié | A Monsieur Schurer, Docteur en Médecine | par | J' A'.</subfield>
   </datafield>
   <datafield tag="260" ind1=" " ind2=" ">
      <subfield code="8">1\c</subfield>
      <subfield code="c">1800 (1800p)</subfield>
   </datafield>
   <datafield tag="300" ind1=" " ind2=" ">
      <subfield code="8">1\c</subfield>
      <subfield code="a">3 parts</subfield>
      <subfield code="c">in quer-4</subfield>
   </datafield>
   <datafield tag="500" ind1=" " ind2=" ">
      <subfield code="a">Anhang der pf-Stimme: F. Barth, Variatione und Polonaise für Klavier</subfield>
   </datafield>
   <datafield tag="500" ind1=" " ind2=" ">
      <subfield code="a">nach 1800</subfield>
   </datafield>
   <datafield tag="500" ind1=" " ind2=" ">
      <subfield code="a">Standortkatalog Handschriften der Landesbibliothek Bern (maschr.), p.70</subfield>
   </datafield>
   <datafield tag="590" ind1=" " ind2=" ">
      <subfield code="8">1\c</subfield>
      <subfield code="a">vla, pf, fl</subfield>
   </datafield>
   <datafield tag="593" ind1=" " ind2=" ">
      <subfield code="8">1\c</subfield>
      <subfield code="a">manuscript</subfield>
   </datafield>
   <datafield tag="594" ind1=" " ind2=" ">
      <subfield code="a">vla, fl, pf</subfield>
   </datafield>
   <datafield tag="650" ind1="0" ind2="0">
      <subfield code="a">Instrumental pieces</subfield>
   </datafield>
   <datafield tag="700" ind1="1" ind2=" ">
      <subfield code="a">Schurer</subfield>
      <subfield code="0">30042352</subfield>
      <subfield code="4">dte</subfield>
   </datafield>
   <datafield tag="700" ind1="1" ind2=" ">
      <subfield code="a">Barth, F.</subfield>
      <subfield code="0">30042353</subfield>
      <subfield code="4">asn</subfield>
   </datafield>
   <datafield tag="852" ind1=" " ind2=" ">
      <subfield code="a">CH-BEl</subfield>
      <subfield code="c">Ms. Mq 6 (Ms.1364)</subfield>
      <subfield code="x">30000004</subfield>
   </datafield>
   </record>