
<record>
   <leader>00000cdd#a2200000###4500</leader>
   <controlfield tag="001">403008472</controlfield>
   <controlfield tag="003">RISM</controlfield>
   <controlfield tag="005">20090120111111.0</controlfield>
   <controlfield tag="008">100214|||||||||gw |||||||||||||||||lat|d</controlfield>
   <datafield tag="031" ind1=" " ind2=" ">
      <subfield code="a">1</subfield>
      <subfield code="b">1</subfield>
      <subfield code="c">1</subfield>
      <subfield code="g">C-1</subfield>
      <subfield code="m">S coro 1</subfield>
      <subfield code="n">xFC</subfield>
      <subfield code="o">c/</subfield>
      <subfield code="p">''9C+/1C'B+/BA+/9A/1xGF+/9F/E/=1/2--</subfield>
      <subfield code="r">8t</subfield>
      <subfield code="t">Agnus Dei, qui tollis peccata mundi miserere nobis</subfield>
      <subfield code="2">pe</subfield>
      <subfield code="u">30612074</subfield>
      </datafield>
   <datafield tag="041" ind1=" " ind2=" ">
      <subfield code="a">lat</subfield>
   </datafield>
   <datafield tag="100" ind1="1" ind2=" ">
      <subfield code="a">Agostini, Paolo</subfield>
      <subfield code="d">1583c-1629</subfield>
      <subfield code="0">20000263</subfield>
   </datafield>
   <datafield tag="240" ind1="1" ind2="0">
      <subfield code="a">Agnus Dei</subfield>
      <subfield code="m">Coro (2), org</subfield>
      <subfield code="r">8t</subfield>
   </datafield>
   <datafield tag="245" ind1="1" ind2="0">
      <subfield code="a">[title page:] Agnus Dei | a 8 voci, con obbligo Sopra La, Sol, fa, mi, re, ut. | Di Paolo Agostini da Vallerano. Sch: Romae - Ital: | [.......]</subfield>
   </datafield>
   <datafield tag="300" ind1=" " ind2=" ">
      <subfield code="8">1\c</subfield>
      <subfield code="a">score: p.129-135</subfield>
      </datafield>
   <datafield tag="500" ind1=" " ind2=" ">
      <subfield code="a">Auf der Titelseite Bemerkungen zu den verschiedenen Kanons in der Komposition</subfield>
   </datafield>
   <datafield tag="593" ind1=" " ind2=" ">
      <subfield code="8">1\c</subfield>
      <subfield code="a">manuscript</subfield>
   </datafield>
   <datafield tag="594" ind1=" " ind2=" ">
      <subfield code="a">Coro T, Coro B, bc: org, Coro S, Coro A, Coro T, Coro B, Coro S, Coro A</subfield>
   </datafield>
   <datafield tag="650" ind1="0" ind2="0">
      <subfield code="a">Sacred songs</subfield>
   </datafield>
   <datafield tag="773" ind1="0" ind2=" ">
      <subfield code="a">403008462</subfield>
   </datafield>
   <datafield tag="852" ind1=" " ind2=" ">
      <subfield code="a">CH-E</subfield>
      <subfield code="c">297,4</subfield>
      <subfield code="x">30000006</subfield>
   </datafield>
   </record>