
<record>
   <leader>00000cdd#a2200000###4500</leader>
   <controlfield tag="001">400007844</controlfield>
   <controlfield tag="003">RISM</controlfield>
   <controlfield tag="005">20060823111111.0</controlfield>
   <controlfield tag="008">100214|||||||||gw |||||||||||||||||ger|d</controlfield>
   <datafield tag="031" ind1=" " ind2=" ">
      <subfield code="a">1</subfield>
      <subfield code="b">1</subfield>
      <subfield code="c">1</subfield>
      <subfield code="d">Vivace</subfield>
      <subfield code="g">C-1</subfield>
      <subfield code="m">S</subfield>
      <subfield code="n">xFC</subfield>
      <subfield code="o">c</subfield>
      <subfield code="p">=16/2-4-8-'A/''4D'A''E8-E/4E'A''F8-D/EGq8G4FE8-</subfield>
      <subfield code="t">Der König jauchzt von dir entzücket</subfield>
      <subfield code="2">pe</subfield>
      <subfield code="u">30492614</subfield>
      </datafield>
   <datafield tag="031" ind1=" " ind2=" ">
      <subfield code="a">1</subfield>
      <subfield code="b">2</subfield>
      <subfield code="c">1</subfield>
      <subfield code="d">Allegro moderato</subfield>
      <subfield code="o">3/8</subfield>
      <subfield code="u">30492615</subfield>
      </datafield>
   <datafield tag="031" ind1=" " ind2=" ">
      <subfield code="a">1</subfield>
      <subfield code="b">3</subfield>
      <subfield code="c">1</subfield>
      <subfield code="d">Canto solo. Allegro</subfield>
      <subfield code="o">c/</subfield>
      <subfield code="u">30492616</subfield>
      </datafield>
   <datafield tag="031" ind1=" " ind2=" ">
      <subfield code="a">1</subfield>
      <subfield code="b">4</subfield>
      <subfield code="c">1</subfield>
      <subfield code="d">Grave</subfield>
      <subfield code="o">3/4</subfield>
      <subfield code="u">30492617</subfield>
      </datafield>
   <datafield tag="031" ind1=" " ind2=" ">
      <subfield code="a">1</subfield>
      <subfield code="b">5</subfield>
      <subfield code="c">1</subfield>
      <subfield code="d">Alto e Basso. Andante</subfield>
      <subfield code="o">2/4</subfield>
      <subfield code="u">30492618</subfield>
      </datafield>
   <datafield tag="031" ind1=" " ind2=" ">
      <subfield code="a">1</subfield>
      <subfield code="b">6</subfield>
      <subfield code="c">1</subfield>
      <subfield code="d">Allegro</subfield>
      <subfield code="o">6/8</subfield>
      <subfield code="u">30492619</subfield>
      </datafield>
   <datafield tag="041" ind1=" " ind2=" ">
      <subfield code="a">ger</subfield>
   </datafield>
   <datafield tag="100" ind1="1" ind2=" ">
      <subfield code="a">Agricola, Johann Friedrich</subfield>
      <subfield code="d">1720-1774</subfield>
      <subfield code="0">27288</subfield>
   </datafield>
   <datafield tag="240" ind1="1" ind2="0">
      <subfield code="a">Der König jauchzt von dir entzücket</subfield>
      <subfield code="m">V (4), orch, org</subfield>
      <subfield code="r">D</subfield>
   </datafield>
   <datafield tag="245" ind1="1" ind2="0">
      <subfield code="a">Agricola | Ps[alm]. XXI. | [...] | Tom: XVII.</subfield>
   </datafield>
   <datafield tag="300" ind1=" " ind2=" ">
      <subfield code="8">1\c</subfield>
      <subfield code="a">17 parts</subfield>
      <subfield code="c">in quer-4</subfield>
   </datafield>
   <datafield tag="510" ind1="1" ind2=" ">
      <subfield code="a">WalterZ 1960</subfield>
      <subfield code="c">p.1</subfield>
      </datafield>
   <datafield tag="590" ind1=" " ind2=" ">
      <subfield code="8">1\c</subfield>
      <subfield code="a">S, A, T, B, vl 1, 2, a-vla, vlc, org.fig, fl and ob 1, 2, cor 1, 2, tr 1, 2, 3, timp</subfield>
   </datafield>
   <datafield tag="593" ind1=" " ind2=" ">
      <subfield code="8">1\c</subfield>
      <subfield code="a">manuscript</subfield>
   </datafield>
   <datafield tag="594" ind1=" " ind2=" ">
      <subfield code="a">cor (2), tr (3), timp, org, S, A, T, B, vl 1, vl 2, vlc, fl (2), ob (2), vla</subfield>
   </datafield>
   <datafield tag="650" ind1="0" ind2="0">
      <subfield code="a">Psalms</subfield>
   </datafield>
   <datafield tag="852" ind1=" " ind2=" ">
      <subfield code="a">CH-Zz</subfield>
      <subfield code="c">AMG XIII 7074 &amp; a-q (Ms.993)</subfield>
      <subfield code="x">30000014</subfield>
   </datafield>
   </record>