
<record>
   <leader>00000cdd#a2200000###4500</leader>
   <controlfield tag="001">400104689</controlfield>
   <controlfield tag="003">RISM</controlfield>
   <controlfield tag="005">20090120111111.0</controlfield>
   <controlfield tag="008">100214|||||||||gw |||||||||||||||||lat|d</controlfield>
   <datafield tag="031" ind1=" " ind2=" ">
      <subfield code="a">1</subfield>
      <subfield code="b">1</subfield>
      <subfield code="c">1</subfield>
      <subfield code="d">Andante con moto</subfield>
      <subfield code="g">G-2</subfield>
      <subfield code="m">S</subfield>
      <subfield code="n">bB</subfield>
      <subfield code="o">3/4</subfield>
      <subfield code="p">'4FA''C/2'B4A/2G4G/2A4-/A''CF/2F4D/2C4C/2C4-/</subfield>
      <subfield code="r">F</subfield>
      <subfield code="t">Jam sol recedit igneus, tu lux perennis unitas</subfield>
      <subfield code="2">pe</subfield>
      <subfield code="u">30533791</subfield>
      </datafield>
   <datafield tag="041" ind1=" " ind2=" ">
      <subfield code="a">lat</subfield>
   </datafield>
   <datafield tag="100" ind1="1" ind2=" ">
      <subfield code="a">Ahle, Johann Nepomuk</subfield>
      <subfield code="d">1845-1924</subfield>
      <subfield code="0">261903</subfield>
   </datafield>
   <datafield tag="240" ind1="1" ind2="0">
      <subfield code="a">Jam sol recedit igneus</subfield>
      <subfield code="m">Coro</subfield>
      <subfield code="r">F</subfield>
   </datafield>
   <datafield tag="245" ind1="1" ind2="0">
      <subfield code="a">[caption title:] 33. Jam sol recedit igneus. | J. N. Ahle.</subfield>
   </datafield>
   <datafield tag="300" ind1=" " ind2=" ">
      <subfield code="8">1\c</subfield>
      <subfield code="a">score: p.34</subfield>
      </datafield>
   <datafield tag="593" ind1=" " ind2=" ">
      <subfield code="8">1\c</subfield>
      <subfield code="a">print</subfield>
   </datafield>
   <datafield tag="594" ind1=" " ind2=" ">
      <subfield code="a">Coro S, Coro A, Coro B, Coro T</subfield>
   </datafield>
   <datafield tag="650" ind1="0" ind2="0">
      <subfield code="a">Hymns</subfield>
   </datafield>
   <datafield tag="657" ind1=" " ind2="7">
      <subfield code="a">Trinitas</subfield>
   </datafield>
   <datafield tag="773" ind1="0" ind2=" ">
      <subfield code="a">400104656</subfield>
   </datafield>
   <datafield tag="852" ind1=" " ind2=" ">
      <subfield code="a">CH-E</subfield>
      <subfield code="c">296,15</subfield>
      <subfield code="x">30000006</subfield>
   </datafield>
   </record>