
<record>
   <leader>00000cdd#a2200000###4500</leader>
   <controlfield tag="001">402006158</controlfield>
   <controlfield tag="003">RISM</controlfield>
   <controlfield tag="005">20070101111111.0</controlfield>
   <controlfield tag="008">100214|||||||||gw |||||||||||||||||lat|d</controlfield>
   <datafield tag="031" ind1=" " ind2=" ">
      <subfield code="a">1</subfield>
      <subfield code="b">1</subfield>
      <subfield code="c">1</subfield>
      <subfield code="d">Allegro</subfield>
      <subfield code="g">C-1</subfield>
      <subfield code="m">S</subfield>
      <subfield code="n">bBE</subfield>
      <subfield code="o">c</subfield>
      <subfield code="p">'8-B''CF{DC}'BB/''CD8.E6E4F8-F/8.C6'B''8CF'8.B6A8BB/4B8AB2G/</subfield>
      <subfield code="r">B|b</subfield>
      <subfield code="t">Beati omnes, qui timent Dominum</subfield>
      <subfield code="2">pe</subfield>
      <subfield code="u">31807382</subfield>
      </datafield>
   <datafield tag="041" ind1=" " ind2=" ">
      <subfield code="a">lat</subfield>
   </datafield>
   <datafield tag="100" ind1="1" ind2=" ">
      <subfield code="a">Aiblinger, Johann Kaspar</subfield>
      <subfield code="d">1779-1867</subfield>
      <subfield code="0">1040</subfield>
   </datafield>
   <datafield tag="240" ind1="1" ind2="0">
      <subfield code="a">Beati omnes</subfield>
      <subfield code="m">Coro, strings, org</subfield>
      <subfield code="n">HauA II:30</subfield>
      <subfield code="r">B|b</subfield>
   </datafield>
   <datafield tag="245" ind1="1" ind2="0">
      <subfield code="a">[caption title:] N|o 10. Beati omnes.</subfield>
   </datafield>
   <datafield tag="300" ind1=" " ind2=" ">
      <subfield code="8">1\c</subfield>
      <subfield code="a">8 parts: p.7, 7, 7, 7-8, 6, 6, 6, 8-9</subfield>
      </datafield>
   <datafield tag="500" ind1=" " ind2=" ">
      <subfield code="a">vl und vla: ad libitum</subfield>
   </datafield>
   <datafield tag="510" ind1="1" ind2=" ">
      <subfield code="a">RepertoriumSt.Gallen</subfield>
      </datafield>
   <datafield tag="590" ind1=" " ind2=" ">
      <subfield code="8">1\c</subfield>
      <subfield code="a">S, A, T, B, vl 1, 2, vla, b and org (= bc.fig)</subfield>
   </datafield>
   <datafield tag="593" ind1=" " ind2=" ">
      <subfield code="8">1\c</subfield>
      <subfield code="a">print</subfield>
   </datafield>
   <datafield tag="594" ind1=" " ind2=" ">
      <subfield code="a">Coro S, Coro A, Coro T, Coro B, vl 1, vl 2, vla, b, org, bc: org</subfield>
   </datafield>
   <datafield tag="650" ind1="0" ind2="0">
      <subfield code="a">Psalms</subfield>
   </datafield>
   <datafield tag="773" ind1="0" ind2=" ">
      <subfield code="a">402006148</subfield>
   </datafield>
   <datafield tag="852" ind1=" " ind2=" ">
      <subfield code="a">CH-SGd</subfield>
      <subfield code="c">ArchDom 1/4</subfield>
      <subfield code="x">30000213</subfield>
   </datafield>
   </record>