
<record>
   <leader>00000cdd#a2200000###4500</leader>
   <controlfield tag="001">403005115</controlfield>
   <controlfield tag="003">RISM</controlfield>
   <controlfield tag="005">20070101111111.0</controlfield>
   <controlfield tag="008">100214|||||||||gw |||||||||||||||||lat|d</controlfield>
   <datafield tag="031" ind1=" " ind2=" ">
      <subfield code="a">1</subfield>
      <subfield code="b">1</subfield>
      <subfield code="c">1</subfield>
      <subfield code="d">29; 976</subfield>
      <subfield code="g">G-2</subfield>
      <subfield code="m">T 1</subfield>
      <subfield code="o">3/2</subfield>
      <subfield code="p">'1G2G/GAG/''1C2D/EE</subfield>
      <subfield code="r">C</subfield>
      <subfield code="t">Deus noster refugium, et virtus</subfield>
      <subfield code="2">pe</subfield>
      <subfield code="u">31807823</subfield>
      </datafield>
   <datafield tag="041" ind1=" " ind2=" ">
      <subfield code="a">lat</subfield>
   </datafield>
   <datafield tag="100" ind1="1" ind2=" ">
      <subfield code="a">Aiblinger, Johann Kaspar</subfield>
      <subfield code="d">1779-1867</subfield>
      <subfield code="0">1040</subfield>
   </datafield>
   <datafield tag="240" ind1="1" ind2="0">
      <subfield code="a">Deus noster refugium</subfield>
      <subfield code="m">Coro</subfield>
      <subfield code="n">HauA II:72</subfield>
      <subfield code="r">C</subfield>
   </datafield>
   <datafield tag="245" ind1="1" ind2="0">
      <subfield code="a">[caption title:] Motet von Caspar Aiblinger.</subfield>
   </datafield>
   <datafield tag="300" ind1=" " ind2=" ">
      <subfield code="8">1\c</subfield>
      <subfield code="a">score: p.29-31</subfield>
      </datafield>
   <datafield tag="510" ind1="1" ind2=" ">
      <subfield code="a">WittF 1866</subfield>
      <subfield code="c">Jg.23, 1888, no.8, p.29-31</subfield>
      </datafield>
   <datafield tag="593" ind1=" " ind2=" ">
      <subfield code="8">1\c</subfield>
      <subfield code="a">print</subfield>
   </datafield>
   <datafield tag="594" ind1=" " ind2=" ">
      <subfield code="a">Coro S (2), Coro A (2), Coro T (2), Coro B (2)</subfield>
   </datafield>
   <datafield tag="650" ind1="0" ind2="0">
      <subfield code="a">Motets</subfield>
   </datafield>
   <datafield tag="773" ind1="0" ind2=" ">
      <subfield code="a">403005107</subfield>
   </datafield>
   <datafield tag="852" ind1=" " ind2=" ">
      <subfield code="a">CH-E</subfield>
      <subfield code="c">747,4a</subfield>
      <subfield code="x">30000006</subfield>
   </datafield>
   </record>