
<record>
   <leader>00000cdd#a2200000###4500</leader>
   <controlfield tag="001">400107033</controlfield>
   <controlfield tag="003">RISM</controlfield>
   <controlfield tag="005">20070101111111.0</controlfield>
   <controlfield tag="008">100214|||||||||gw |||||||||||||||||lat|d</controlfield>
   <datafield tag="031" ind1=" " ind2=" ">
      <subfield code="a">1</subfield>
      <subfield code="b">1</subfield>
      <subfield code="c">1</subfield>
      <subfield code="d">29; 554</subfield>
      <subfield code="g">G-2</subfield>
      <subfield code="m">T 1</subfield>
      <subfield code="o">3/2</subfield>
      <subfield code="p">'1G2G/GAG/''1C2D/EEE/EFG/1.E/</subfield>
      <subfield code="r">C</subfield>
      <subfield code="t">Deus noster refugium, et virtus</subfield>
      <subfield code="2">pe</subfield>
      <subfield code="u">31806309</subfield>
      </datafield>
   <datafield tag="041" ind1=" " ind2=" ">
      <subfield code="a">lat</subfield>
   </datafield>
   <datafield tag="100" ind1="1" ind2=" ">
      <subfield code="a">Aiblinger, Johann Kaspar</subfield>
      <subfield code="d">1779-1867</subfield>
      <subfield code="0">1040</subfield>
   </datafield>
   <datafield tag="240" ind1="1" ind2="0">
      <subfield code="a">Deus noster refugium</subfield>
      <subfield code="m">Coro</subfield>
      <subfield code="n">HauA II:72</subfield>
      <subfield code="r">C</subfield>
   </datafield>
   <datafield tag="245" ind1="1" ind2="0">
      <subfield code="a">[short score, cover title:] [by hand:] No 30c | [printed:] Offertoire | Deus noster Deus | pour 2 Soprano, 2 Altos, 2 Tenors et 2 Basses | Composé par | J. G. Aiblinger | [...] | à Paris | Chez les Fils de B. Schott.</subfield>
   </datafield>
   <datafield tag="300" ind1=" " ind2=" ">
      <subfield code="8">1\c</subfield>
      <subfield code="a">short score (piano score): 5p.</subfield>
      </datafield>
   <datafield tag="300" ind1=" " ind2=" ">
      <subfield code="8">2\c</subfield>
      <subfield code="a">5 parts: 1, 1, 1, 1, 1p.</subfield>
      <subfield code="c">35 x 26,5 cm</subfield>
   </datafield>
   <datafield tag="510" ind1="1" ind2=" ">
      <subfield code="a">RepertoriumSt.Gallen</subfield>
      </datafield>
   <datafield tag="590" ind1=" " ind2=" ">
      <subfield code="8">2\c</subfield>
      <subfield code="a">S 1 and 2, A 1 and 2, T 1, 2, B 1 and 2</subfield>
      </datafield>
   <datafield tag="591" ind1="0" ind2="0">
      <subfield code="a">N|o 30c</subfield>
   </datafield>
   <datafield tag="593" ind1=" " ind2=" ">
      <subfield code="8">1\c</subfield>
      <subfield code="a">print</subfield>
   </datafield>
   <datafield tag="593" ind1=" " ind2=" ">
      <subfield code="8">2\c</subfield>
      <subfield code="a">print</subfield>
      </datafield>
   <datafield tag="594" ind1=" " ind2=" ">
      <subfield code="a">Coro S (2), Coro A (2), Coro T (2), Coro B (2)</subfield>
   </datafield>
   <datafield tag="650" ind1="0" ind2="0">
      <subfield code="a">Offertories</subfield>
   </datafield>
   <datafield tag="852" ind1=" " ind2=" ">
      <subfield code="a">CH-SGd</subfield>
      <subfield code="c">ArchDom 1/5</subfield>
      <subfield code="x">30000213</subfield>
   </datafield>
   </record>