
<record>
   <leader>00000cdd#a2200000###4500</leader>
   <controlfield tag="001">400104945</controlfield>
   <controlfield tag="003">RISM</controlfield>
   <controlfield tag="005">20070101111111.0</controlfield>
   <controlfield tag="008">100214|||||||||gw |||||||||||||||||ger|d</controlfield>
   <datafield tag="031" ind1=" " ind2=" ">
      <subfield code="a">1</subfield>
      <subfield code="b">1</subfield>
      <subfield code="c">1</subfield>
      <subfield code="d">Largo</subfield>
      <subfield code="g">G-2</subfield>
      <subfield code="m">S</subfield>
      <subfield code="n">xFCGD</subfield>
      <subfield code="o">c/</subfield>
      <subfield code="p">'=3/2EGBG/A''C'AG/AGFE/BGFF/</subfield>
      <subfield code="r">E</subfield>
      <subfield code="t">Schönste Zierde unsrer Erde</subfield>
      <subfield code="2">pe</subfield>
      <subfield code="u">31806301</subfield>
      </datafield>
   <datafield tag="041" ind1=" " ind2=" ">
      <subfield code="a">ger</subfield>
   </datafield>
   <datafield tag="100" ind1="1" ind2=" ">
      <subfield code="a">Aiblinger, Johann Kaspar</subfield>
      <subfield code="d">1779-1867</subfield>
      <subfield code="0">1040</subfield>
   </datafield>
   <datafield tag="240" ind1="1" ind2="0">
      <subfield code="a">Empfindungen vor dem Bilde Mariens</subfield>
      <subfield code="m">Coro, org</subfield>
      <subfield code="n">HauA V:94</subfield>
      <subfield code="r">E</subfield>
   </datafield>
   <datafield tag="245" ind1="1" ind2="0">
      <subfield code="a">[caption title:] Empfindungen vor dem Bilde Mariens. | Lied für 4 Singstimmen und Orgel | von Caspar Aiblinger.</subfield>
   </datafield>
   <datafield tag="300" ind1=" " ind2=" ">
      <subfield code="8">1\c</subfield>
      <subfield code="a">score: p.46-47</subfield>
      </datafield>
   <datafield tag="510" ind1="1" ind2=" ">
      <subfield code="a">WittF 1866</subfield>
      <subfield code="c">Jg.8, 1873, no.12, p.46-47</subfield>
      </datafield>
   <datafield tag="593" ind1=" " ind2=" ">
      <subfield code="8">1\c</subfield>
      <subfield code="a">print</subfield>
   </datafield>
   <datafield tag="594" ind1=" " ind2=" ">
      <subfield code="a">Coro S, Coro A, Coro T, Coro B, org</subfield>
   </datafield>
   <datafield tag="650" ind1="0" ind2="0">
      <subfield code="a">Sacred songs</subfield>
   </datafield>
   <datafield tag="773" ind1="0" ind2=" ">
      <subfield code="a">400104919</subfield>
   </datafield>
   <datafield tag="852" ind1=" " ind2=" ">
      <subfield code="a">CH-E</subfield>
      <subfield code="c">Mw 601d</subfield>
      <subfield code="x">30000006</subfield>
   </datafield>
   </record>