
<record>
   <leader>00000cdd#a2200000###4500</leader>
   <controlfield tag="001">402006553</controlfield>
   <controlfield tag="003">RISM</controlfield>
   <controlfield tag="005">20070101111111.0</controlfield>
   <controlfield tag="008">100214|||||||||gw |||||||||||||||||lat|d</controlfield>
   <datafield tag="031" ind1=" " ind2=" ">
      <subfield code="a">1</subfield>
      <subfield code="b">1</subfield>
      <subfield code="c">1</subfield>
      <subfield code="d">Kÿrie.. Andante sostenuto</subfield>
      <subfield code="g">C-1</subfield>
      <subfield code="m">S 1 coro</subfield>
      <subfield code="n">xFCG</subfield>
      <subfield code="o">3/4</subfield>
      <subfield code="p">'2.A/F/4EAB/''2C'4B/''2D4C/'2.(B)/</subfield>
      <subfield code="r">A</subfield>
      <subfield code="t">Kyrie, eleison Christe eleison Kyrie eleison</subfield>
      <subfield code="2">pe</subfield>
      <subfield code="u">31807555</subfield>
      </datafield>
   <datafield tag="031" ind1=" " ind2=" ">
      <subfield code="a">1</subfield>
      <subfield code="b">2</subfield>
      <subfield code="c">1</subfield>
      <subfield code="d">Gloria.. Moderato</subfield>
      <subfield code="g">C-1</subfield>
      <subfield code="m">S 1 coro</subfield>
      <subfield code="n">xFCG</subfield>
      <subfield code="o">c/</subfield>
      <subfield code="p">'1A/A/2FE/1E/E/F/2.A4A/2AA+/AA/GA/1B/B/4A-</subfield>
      <subfield code="r">A</subfield>
      <subfield code="t">Et in terra pax, hominibus bonae voluntatis</subfield>
      <subfield code="2">pe</subfield>
      <subfield code="u">31807556</subfield>
      </datafield>
   <datafield tag="031" ind1=" " ind2=" ">
      <subfield code="a">1</subfield>
      <subfield code="b">3</subfield>
      <subfield code="c">1</subfield>
      <subfield code="d">Credo.. Moderato</subfield>
      <subfield code="g">C-1</subfield>
      <subfield code="m">S 1 coro</subfield>
      <subfield code="n">xFC</subfield>
      <subfield code="o">c/</subfield>
      <subfield code="p">'1D/2FA/AA/1B/2AA/''2D'A/A4FG/1A/2D-/</subfield>
      <subfield code="r">D</subfield>
      <subfield code="t">Patrem omnipotentem, factorem caeli et terrae</subfield>
      <subfield code="2">pe</subfield>
      <subfield code="u">31807557</subfield>
      </datafield>
   <datafield tag="031" ind1=" " ind2=" ">
      <subfield code="a">1</subfield>
      <subfield code="b">4</subfield>
      <subfield code="c">1</subfield>
      <subfield code="d">Sanctus.. Largo</subfield>
      <subfield code="g">C-1</subfield>
      <subfield code="m">S 1 coro</subfield>
      <subfield code="n">xFCG</subfield>
      <subfield code="o">c/</subfield>
      <subfield code="p">2-'A+/A8{A''C}{FE}/2E+8{ExDq6D8C'B}/1(B)/</subfield>
      <subfield code="r">A</subfield>
      <subfield code="t">Sanctus, Dominus Deus Sabaoth</subfield>
      <subfield code="2">pe</subfield>
      <subfield code="u">31807558</subfield>
      </datafield>
   <datafield tag="031" ind1=" " ind2=" ">
      <subfield code="a">1</subfield>
      <subfield code="b">5</subfield>
      <subfield code="c">1</subfield>
      <subfield code="d">Benedictus.. Andantino</subfield>
      <subfield code="g">C-1</subfield>
      <subfield code="m">S 1 solo</subfield>
      <subfield code="n">xFCG</subfield>
      <subfield code="o">3/4</subfield>
      <subfield code="p">'2A''4C/4..E6F4E/'A''8{CD}{'BG}/8.{G3AB}4A-/</subfield>
      <subfield code="r">A</subfield>
      <subfield code="t">Benedictus, qui venit in nomine Domini hosanna in excelsis</subfield>
      <subfield code="2">pe</subfield>
      <subfield code="u">31807559</subfield>
      </datafield>
   <datafield tag="031" ind1=" " ind2=" ">
      <subfield code="a">1</subfield>
      <subfield code="b">6</subfield>
      <subfield code="c">1</subfield>
      <subfield code="d">Agnus Dei.. Larghetto</subfield>
      <subfield code="g">C-1</subfield>
      <subfield code="m">S 1 coro</subfield>
      <subfield code="o">c/</subfield>
      <subfield code="p">'2EE/1F/2EE/AG/FD/EE/1F/(E)/</subfield>
      <subfield code="r">a</subfield>
      <subfield code="t">Agnus Dei, qui tollis peccata mundi miserere nobis</subfield>
      <subfield code="2">pe</subfield>
      <subfield code="u">31807560</subfield>
      </datafield>
   <datafield tag="031" ind1=" " ind2=" ">
      <subfield code="a">1</subfield>
      <subfield code="b">7</subfield>
      <subfield code="c">1</subfield>
      <subfield code="d">[attacca].</subfield>
      <subfield code="g">C-1</subfield>
      <subfield code="m">S 1 coro</subfield>
      <subfield code="n">xFCG</subfield>
      <subfield code="o">c/</subfield>
      <subfield code="p">'2EE/1F/2EE/2AG/FD/EE/1F/E/</subfield>
      <subfield code="r">A</subfield>
      <subfield code="t">Agnus Dei, qui tollis peccata mundi miserere nobis</subfield>
      <subfield code="2">pe</subfield>
      <subfield code="u">31807561</subfield>
      </datafield>
   <datafield tag="041" ind1=" " ind2=" ">
      <subfield code="a">lat</subfield>
   </datafield>
   <datafield tag="100" ind1="1" ind2=" ">
      <subfield code="a">Aiblinger, Johann Kaspar</subfield>
      <subfield code="d">1779-1867</subfield>
      <subfield code="0">1040</subfield>
   </datafield>
   <datafield tag="240" ind1="1" ind2="0">
      <subfield code="a">Masses</subfield>
      <subfield code="m">V (3), Coro femminile, strings, org</subfield>
      <subfield code="n">HauA I:32</subfield>
      <subfield code="r">A</subfield>
   </datafield>
   <datafield tag="245" ind1="1" ind2="0">
      <subfield code="a">[score, cover title:] CYCLUS | zwey- und dreistimmiger Kirchencompositionen | (6 Messen, 5 Gradualien, 5 Offertorien, 1 Veni Sancte Spiritus, | 2 Litaneien, 1 Te Deum, 1 Tantum ergo.) | mit Begleitung der Orgel (Basso u. Violoncelle ad libit.) | von | Kaspar Aiblinger | k. b. Hofcapellmeister in München. | N|o 1 | MISSA ADELGUNDA | componirt | zur Feier der ersten heil. Communion | Ihrer königl. Hoheit | der Prinzessin Adelgunde von  Bayern | Erbherzogin von Moden | für | 2 Sopran una 1 Alto | mit Begleitung | von Orgel, Bass u. Violoncelle. | [...]</subfield>
   </datafield>
   <datafield tag="300" ind1=" " ind2=" ">
      <subfield code="8">1\c</subfield>
      <subfield code="a">score (2 staves/without text): 13p.</subfield>
      </datafield>
   <datafield tag="300" ind1=" " ind2=" ">
      <subfield code="8">2\c</subfield>
      <subfield code="a">4 parts: 6, 6, 6, 10p.</subfield>
      <subfield code="c">35,5 x 22,5 cm</subfield>
   </datafield>
   <datafield tag="500" ind1=" " ind2=" ">
      <subfield code="a">Partitur und Stimmen: zusammengebunden</subfield>
   </datafield>
   <datafield tag="500" ind1=" " ind2=" ">
      <subfield code="a">vlc und cb: ad libitum</subfield>
   </datafield>
   <datafield tag="510" ind1="1" ind2=" ">
      <subfield code="a">RepertoriumSt.Gallen</subfield>
      </datafield>
   <datafield tag="590" ind1=" " ind2=" ">
      <subfield code="8">2\c</subfield>
      <subfield code="a">Solo and coro: S 1, 2, A, vlc and cb</subfield>
      </datafield>
   <datafield tag="593" ind1=" " ind2=" ">
      <subfield code="8">1\c</subfield>
      <subfield code="a">print</subfield>
   </datafield>
   <datafield tag="593" ind1=" " ind2=" ">
      <subfield code="8">2\c</subfield>
      <subfield code="a">print</subfield>
      </datafield>
   <datafield tag="594" ind1=" " ind2=" ">
      <subfield code="a">S (2), A, Coro S (2), Coro A, vlc, b, org</subfield>
   </datafield>
   <datafield tag="650" ind1="0" ind2="0">
      <subfield code="a">Masses</subfield>
   </datafield>
   <datafield tag="700" ind1="1" ind2=" ">
      <subfield code="a">Adelgunde, Prinzessin von Bayern</subfield>
      <subfield code="0">30044503</subfield>
      <subfield code="4">dte</subfield>
   </datafield>
   <datafield tag="730" ind1="0" ind2=" ">
      <subfield code="a">Missa Adelgunda</subfield>
   </datafield>
   <datafield tag="852" ind1=" " ind2=" ">
      <subfield code="a">CH-SGd</subfield>
      <subfield code="c">ArchDom 1/12</subfield>
      <subfield code="x">30000213</subfield>
   </datafield>
   </record>