
<record>
   <leader>00000cdd#a2200000###4500</leader>
   <controlfield tag="001">402006521</controlfield>
   <controlfield tag="003">RISM</controlfield>
   <controlfield tag="005">20070101111111.0</controlfield>
   <controlfield tag="008">100214|||||||||gw |||||||||||||||||lat|d</controlfield>
   <datafield tag="031" ind1=" " ind2=" ">
      <subfield code="a">1</subfield>
      <subfield code="b">1</subfield>
      <subfield code="c">1</subfield>
      <subfield code="d">Kÿrie.. Larghetto</subfield>
      <subfield code="g">C-3</subfield>
      <subfield code="m">A</subfield>
      <subfield code="o">c/</subfield>
      <subfield code="p">1'C/2EF/GG/1A/2GG+/GF/1E/F/</subfield>
      <subfield code="r">C</subfield>
      <subfield code="t">Kyrie, eleison Christe eleison Kyrie eleison</subfield>
      <subfield code="2">pe</subfield>
      <subfield code="u">31807504</subfield>
      </datafield>
   <datafield tag="031" ind1=" " ind2=" ">
      <subfield code="a">1</subfield>
      <subfield code="b">2</subfield>
      <subfield code="c">1</subfield>
      <subfield code="d">Gloria.. Andante</subfield>
      <subfield code="g">C-1</subfield>
      <subfield code="m">S</subfield>
      <subfield code="o">c/</subfield>
      <subfield code="p">'2GG/''C'A/1G+/2GB/''2.C4C/'2BB+/BB/''4C'B''CD/2EC+/C'B/</subfield>
      <subfield code="r">C</subfield>
      <subfield code="t">Et in terra pax, hominibus bonae voluntatis</subfield>
      <subfield code="2">pe</subfield>
      <subfield code="u">31807505</subfield>
      </datafield>
   <datafield tag="031" ind1=" " ind2=" ">
      <subfield code="a">1</subfield>
      <subfield code="b">3</subfield>
      <subfield code="c">1</subfield>
      <subfield code="d">Credo.. Andante</subfield>
      <subfield code="g">C-3</subfield>
      <subfield code="m">A</subfield>
      <subfield code="o">c/</subfield>
      <subfield code="p">'1G/2EF/GG/1A/2GG/GG/G4GG/2GxF/G-/</subfield>
      <subfield code="r">C</subfield>
      <subfield code="t">Patrem omnipotentem, factorem caeli et terrae</subfield>
      <subfield code="2">pe</subfield>
      <subfield code="u">31807506</subfield>
      </datafield>
   <datafield tag="031" ind1=" " ind2=" ">
      <subfield code="a">1</subfield>
      <subfield code="b">4</subfield>
      <subfield code="c">1</subfield>
      <subfield code="d">Sanctus.. Largo</subfield>
      <subfield code="g">C-3</subfield>
      <subfield code="m">A</subfield>
      <subfield code="o">c/</subfield>
      <subfield code="p">'1C/2EF/1G/A/2GG+/GF+/FE/1F+/2FE/</subfield>
      <subfield code="r">C</subfield>
      <subfield code="t">Sanctus, Dominus Deus Sabaoth</subfield>
      <subfield code="2">pe</subfield>
      <subfield code="u">31807507</subfield>
      </datafield>
   <datafield tag="031" ind1=" " ind2=" ">
      <subfield code="a">1</subfield>
      <subfield code="b">5</subfield>
      <subfield code="c">1</subfield>
      <subfield code="d">Benedictus.. Andante</subfield>
      <subfield code="g">C-1</subfield>
      <subfield code="m">S</subfield>
      <subfield code="o">3/2</subfield>
      <subfield code="p">=2/''1C2C/D'AB/''1C2C/C'BA/''EDC/1C4D'B/''1C2-/</subfield>
      <subfield code="r">C</subfield>
      <subfield code="t">Benedictus, qui venit in nomine Domini hosanna in excelsis</subfield>
      <subfield code="2">pe</subfield>
      <subfield code="u">31807508</subfield>
      </datafield>
   <datafield tag="031" ind1=" " ind2=" ">
      <subfield code="a">1</subfield>
      <subfield code="b">6</subfield>
      <subfield code="c">1</subfield>
      <subfield code="d">Agnus.. Larghetto</subfield>
      <subfield code="g">C-3</subfield>
      <subfield code="m">A</subfield>
      <subfield code="o">c/</subfield>
      <subfield code="p">'1C/2EF/1G/A/2GG/1F/2EE/FE/4FFGA/1E/2D-/</subfield>
      <subfield code="r">C</subfield>
      <subfield code="t">Agnus Dei, qui tollis peccata mundi miserere nobis</subfield>
      <subfield code="2">pe</subfield>
      <subfield code="u">31807509</subfield>
      </datafield>
   <datafield tag="041" ind1=" " ind2=" ">
      <subfield code="a">lat</subfield>
   </datafield>
   <datafield tag="100" ind1="1" ind2=" ">
      <subfield code="a">Aiblinger, Johann Kaspar</subfield>
      <subfield code="d">1779-1867</subfield>
      <subfield code="0">1040</subfield>
   </datafield>
   <datafield tag="240" ind1="1" ind2="0">
      <subfield code="a">Masses</subfield>
      <subfield code="m">Coro, orch, org</subfield>
      <subfield code="n">HauA I:1</subfield>
      <subfield code="r">C</subfield>
   </datafield>
   <datafield tag="245" ind1="1" ind2="0">
      <subfield code="a">[org, cover title:] KIRCHEN-MUSIK | für | kleine Stadt und Landchöre | von | Kaspar Aiblinger. | k. b. Hof-Capellmeister in München. | Enthaltend | Sechs Messen u. 14 kurze Vesperpsalmen | N|o 5 MISSA in C. | für | vier Singstimmen allein, oder mit Begleitung der Orgel, | (: oder mit 2 Violinen, Viola, 2 Horn, Bass | und Violoncello u: Orgel ad libitum:) | [...]</subfield>
   </datafield>
   <datafield tag="300" ind1=" " ind2=" ">
      <subfield code="8">1\c</subfield>
      <subfield code="a">2 parts: 8, 8p.</subfield>
      <subfield code="c">33,5 x 25,5 cm</subfield>
   </datafield>
   <datafield tag="300" ind1=" " ind2=" ">
      <subfield code="8">2\c</subfield>
      <subfield code="a">24 parts: 6, 6, 6, 6, 6, 6, 6, 6, 6, 6, 6, 6, 6, 6, 6, 6, 14, 14, 7, 7, 2, 2, 2, 2p</subfield>
      <subfield code="c">36 x 22,5 cm</subfield>
   </datafield>
   <datafield tag="500" ind1=" " ind2=" ">
      <subfield code="a">org, handschriftlicher Vermerk auf dem Umschlag: "Zum erstenmale aufgeführt / in 13|t Juli anno 1845."</subfield>
   </datafield>
   <datafield tag="500" ind1=" " ind2=" ">
      <subfield code="a">vla und org: ad libitum</subfield>
   </datafield>
   <datafield tag="510" ind1="1" ind2=" ">
      <subfield code="a">RepertoriumSt.Gallen</subfield>
      </datafield>
   <datafield tag="518" ind1=" " ind2=" ">
      <subfield code="a">13.07.1845</subfield>
   </datafield>
   <datafield tag="590" ind1=" " ind2=" ">
      <subfield code="8">1\c</subfield>
      <subfield code="a">S (2x)</subfield>
   </datafield>
   <datafield tag="590" ind1=" " ind2=" ">
      <subfield code="8">2\c</subfield>
      <subfield code="a">S (2x), A (2x), T (2x), B (2x), vl 1 (2x), 2 (2x), vla (2x), vlc and cb (2x), vlc and cb and org (2x), org (= bc.fig) (2x), cor 1 in F and C (2x), cor 2 in F and C (2x)</subfield>
      </datafield>
   <datafield tag="593" ind1=" " ind2=" ">
      <subfield code="8">1\c</subfield>
      <subfield code="a">manuscript</subfield>
   </datafield>
   <datafield tag="593" ind1=" " ind2=" ">
      <subfield code="8">2\c</subfield>
      <subfield code="a">print</subfield>
      </datafield>
   <datafield tag="594" ind1=" " ind2=" ">
      <subfield code="a">Coro S, Coro A, Coro T, Coro B, vl 1, vl 2, vla, vlc, b, cor (2), org, bc: org</subfield>
   </datafield>
   <datafield tag="650" ind1="0" ind2="0">
      <subfield code="a">Masses</subfield>
   </datafield>
   <datafield tag="852" ind1=" " ind2=" ">
      <subfield code="a">CH-SGd</subfield>
      <subfield code="c">ArchDom 1/7</subfield>
      <subfield code="x">30000213</subfield>
   </datafield>
   </record>