
<record>
   <leader>00000cdd#a2200000###4500</leader>
   <controlfield tag="001">402006551</controlfield>
   <controlfield tag="003">RISM</controlfield>
   <controlfield tag="005">20070101111111.0</controlfield>
   <controlfield tag="008">100214s1842||||gw |||||||||||||||||lat|d</controlfield>
   <datafield tag="031" ind1=" " ind2=" ">
      <subfield code="a">1</subfield>
      <subfield code="b">1</subfield>
      <subfield code="c">1</subfield>
      <subfield code="d">Kÿrie.. Andante</subfield>
      <subfield code="g">G-2</subfield>
      <subfield code="m">vl 1</subfield>
      <subfield code="n">xFC</subfield>
      <subfield code="o">c</subfield>
      <subfield code="p">'2DE/4FF8.{Ft3EF}{8GE}/4F-2-/</subfield>
      <subfield code="r">D</subfield>
      <subfield code="2">pe</subfield>
      <subfield code="u">31807529</subfield>
      </datafield>
   <datafield tag="031" ind1=" " ind2=" ">
      <subfield code="a">1</subfield>
      <subfield code="b">2</subfield>
      <subfield code="c">1</subfield>
      <subfield code="d">[attacca].</subfield>
      <subfield code="g">C-1</subfield>
      <subfield code="m">S solo</subfield>
      <subfield code="n">xFC</subfield>
      <subfield code="o">c</subfield>
      <subfield code="p">'2AB/''4CC8.{C'3B''C}8{D'B}/''C{EFC}2D+/8{DxD}E</subfield>
      <subfield code="r">D</subfield>
      <subfield code="t">Kyrie, eleison Christe eleison Kyrie eleison</subfield>
      <subfield code="2">pe</subfield>
      <subfield code="u">31807530</subfield>
      </datafield>
   <datafield tag="031" ind1=" " ind2=" ">
      <subfield code="a">1</subfield>
      <subfield code="b">3</subfield>
      <subfield code="c">1</subfield>
      <subfield code="d">Gloria.. Allegro giusto</subfield>
      <subfield code="g">C-1</subfield>
      <subfield code="m">S coro</subfield>
      <subfield code="n">xFC</subfield>
      <subfield code="o">c</subfield>
      <subfield code="p">''2.D4D/D-2-/2.D4D/D-2-/</subfield>
      <subfield code="r">D</subfield>
      <subfield code="t">Gloria, in excelsis Deo et in terra pax</subfield>
      <subfield code="2">pe</subfield>
      <subfield code="u">31807531</subfield>
      </datafield>
   <datafield tag="031" ind1=" " ind2=" ">
      <subfield code="a">1</subfield>
      <subfield code="b">4</subfield>
      <subfield code="c">1</subfield>
      <subfield code="d">Credo.. Andantino</subfield>
      <subfield code="g">C-1</subfield>
      <subfield code="m">S coro</subfield>
      <subfield code="n">xFC</subfield>
      <subfield code="o">3/4</subfield>
      <subfield code="p">''4DC-/DD-/2D'4B/2.A/4AA8.A6A/2A4A/2.A/2A</subfield>
      <subfield code="r">D</subfield>
      <subfield code="t">Credo, in unum Deum patrem omnipotentem</subfield>
      <subfield code="2">pe</subfield>
      <subfield code="u">31807532</subfield>
      </datafield>
   <datafield tag="031" ind1=" " ind2=" ">
      <subfield code="a">1</subfield>
      <subfield code="b">5</subfield>
      <subfield code="c">1</subfield>
      <subfield code="d">Sanctus.. Larghetto</subfield>
      <subfield code="g">C-1</subfield>
      <subfield code="m">S coro</subfield>
      <subfield code="n">xFC</subfield>
      <subfield code="o">c</subfield>
      <subfield code="p">=2/''1D/(C)/=2/1C/(D)/'E+/2EE/1F+/2FF/1G+/4..G6G2G/</subfield>
      <subfield code="r">D</subfield>
      <subfield code="t">Sanctus, Dominus Deus Sabaoth</subfield>
      <subfield code="2">pe</subfield>
      <subfield code="u">31807533</subfield>
      </datafield>
   <datafield tag="031" ind1=" " ind2=" ">
      <subfield code="a">1</subfield>
      <subfield code="b">6</subfield>
      <subfield code="c">1</subfield>
      <subfield code="d">Benedictus.. Andantino</subfield>
      <subfield code="g">G-2</subfield>
      <subfield code="m">vl 1</subfield>
      <subfield code="n">xFC</subfield>
      <subfield code="o">c/</subfield>
      <subfield code="p">''2A4DF/{8EFEC}'4.A6{B''C}/4DC'B''E/2E'4A-/</subfield>
      <subfield code="r">D</subfield>
      <subfield code="2">pe</subfield>
      <subfield code="u">31807534</subfield>
      </datafield>
   <datafield tag="031" ind1=" " ind2=" ">
      <subfield code="a">1</subfield>
      <subfield code="b">7</subfield>
      <subfield code="c">1</subfield>
      <subfield code="d">[attacca]. Andante</subfield>
      <subfield code="g">C-1</subfield>
      <subfield code="m">S solo</subfield>
      <subfield code="n">xFC</subfield>
      <subfield code="o">c/</subfield>
      <subfield code="p">''1D/E/4FED8.C6C/4C'BAA/''2D4E</subfield>
      <subfield code="r">D</subfield>
      <subfield code="t">Benedictus, qui venit in nomine Domini hosanna in excelsis</subfield>
      <subfield code="2">pe</subfield>
      <subfield code="u">31807535</subfield>
      </datafield>
   <datafield tag="031" ind1=" " ind2=" ">
      <subfield code="a">1</subfield>
      <subfield code="b">8</subfield>
      <subfield code="c">1</subfield>
      <subfield code="d">Agnus.. Largo</subfield>
      <subfield code="g">G-2</subfield>
      <subfield code="m">vl 1</subfield>
      <subfield code="n">xFC</subfield>
      <subfield code="o">c</subfield>
      <subfield code="p">'2.D8.{C6D}/,4xAB'E8.{G''6D}/2D8{C'A''DC}/</subfield>
      <subfield code="r">D</subfield>
      <subfield code="2">pe</subfield>
      <subfield code="u">31807536</subfield>
      </datafield>
   <datafield tag="031" ind1=" " ind2=" ">
      <subfield code="a">1</subfield>
      <subfield code="b">9</subfield>
      <subfield code="c">1</subfield>
      <subfield code="d">[attacca].</subfield>
      <subfield code="g">C-1</subfield>
      <subfield code="m">S coro</subfield>
      <subfield code="n">xFC</subfield>
      <subfield code="o">c</subfield>
      <subfield code="p">'2.A4A/2B4B-/2.A4A/2B4B-/</subfield>
      <subfield code="r">D</subfield>
      <subfield code="t">Miserere nobis</subfield>
      <subfield code="2">pe</subfield>
      <subfield code="u">31807537</subfield>
      </datafield>
   <datafield tag="041" ind1=" " ind2=" ">
      <subfield code="a">lat</subfield>
   </datafield>
   <datafield tag="100" ind1="1" ind2=" ">
      <subfield code="a">Aiblinger, Johann Kaspar</subfield>
      <subfield code="d">1779-1867</subfield>
      <subfield code="0">1040</subfield>
   </datafield>
   <datafield tag="240" ind1="1" ind2="0">
      <subfield code="a">Masses</subfield>
      <subfield code="m">V (4), Coro, orch, org</subfield>
      <subfield code="n">HauA I:7</subfield>
      <subfield code="r">D</subfield>
   </datafield>
   <datafield tag="245" ind1="1" ind2="0">
      <subfield code="a">[org, cover title:] KIRCHEN-MUSIK | für | kleinere Stadt- und Landchöre | von | Kaspar Aiblinger, | k. b. Hof-Capellmeister in München. | Enthaltend | Sechs Messen u. 14. kurze Vesperpsalmen | N|o 1 MISSA SOLEMNIS in D | für | vier Singstimmen, mit Begleitung von 2 Violinen, Alt, Bass, | (: 2 Oboen oder Clarinetten, 2 Horn, 2 Tropeten, Pauken ad lib:) | und Orgel, oder mit Orgel allein. | [...]</subfield>
   </datafield>
   <datafield tag="260" ind1=" " ind2=" ">
      <subfield code="8">1\c</subfield>
      <subfield code="c">1842 (1842)</subfield>
   </datafield>
   <datafield tag="300" ind1=" " ind2=" ">
      <subfield code="8">1\c</subfield>
      <subfield code="a">short score (vocal score): 17p.</subfield>
      <subfield code="c">26 x 34,5 cm</subfield>
   </datafield>
   <datafield tag="300" ind1=" " ind2=" ">
      <subfield code="8">2\c</subfield>
      <subfield code="a">short score (piano score/2x): 24, 24p.</subfield>
      </datafield>
   <datafield tag="300" ind1=" " ind2=" ">
      <subfield code="8">3\c</subfield>
      <subfield code="a">1 part: 8p.</subfield>
      <subfield code="c">31 x 22 cm</subfield>
   </datafield>
   <datafield tag="300" ind1=" " ind2=" ">
      <subfield code="8">4\c</subfield>
      <subfield code="a">4 parts: 10, 11, 3, 3p.</subfield>
      <subfield code="c">Different sizes</subfield>
   </datafield>
   <datafield tag="300" ind1=" " ind2=" ">
      <subfield code="8">5\c</subfield>
      <subfield code="a">37 parts: 8, 8, 8, 8, 8, 8, 8, 8, 8, 8, 8, 8, 8, 8, 8, 8, 8, 8, 8, 8, 8, 11, 11, 4, 4, 4, 4, 4, 4, 4, 4, 4, 4, 4, 4, 2, 2p.</subfield>
      <subfield code="c">36 x 22,5 cm</subfield>
   </datafield>
   <datafield tag="300" ind1=" " ind2=" ">
      <subfield code="8">6\c</subfield>
      <subfield code="a">2 parts: 9, 9p.</subfield>
      <subfield code="c">34,5 x 26 cm</subfield>
   </datafield>
   <datafield tag="500" ind1=" " ind2=" ">
      <subfield code="a">Vokalpartitur, Vermerk am Anfang der Komposition: "Zum erstenmale aufegeführt / im Decemb. 1842. am Tage Mariä Empfängnis."</subfield>
   </datafield>
   <datafield tag="500" ind1=" " ind2=" ">
      <subfield code="a">Vokalpartitur, Vermerk am Ende der Komposition: "Am hl. Caecilienfeste fertig geschrieben / d. 22 November 1842. Jos. Greith. / Chorregent."</subfield>
   </datafield>
   <datafield tag="500" ind1=" " ind2=" ">
      <subfield code="a">ob, cl, cor, tr und timp: ad libitum</subfield>
   </datafield>
   <datafield tag="510" ind1="1" ind2=" ">
      <subfield code="a">RepertoriumSt.Gallen</subfield>
      </datafield>
   <datafield tag="590" ind1=" " ind2=" ">
      <subfield code="8">3\c</subfield>
      <subfield code="a">vlc</subfield>
      </datafield>
   <datafield tag="590" ind1=" " ind2=" ">
      <subfield code="8">4\c</subfield>
      <subfield code="a">S solo and coro (2x), tr 1 in C (2x)</subfield>
      </datafield>
   <datafield tag="590" ind1=" " ind2=" ">
      <subfield code="8">5\c</subfield>
      <subfield code="a">Solo and coro: S (4x), A (4x), T (3x), B (4x), vl 1 (2x), vl 2 (2x), vla (2x), vlc and cb and org (= bc.fig) (2x), ob 1 or cl 1 (2x), ob 2 or cl 2 (2x), cor 1 in G (2x), cor 2 in G (2x), tr 1 in D (2x), tr 2 in D (2x), timp in A and D (2x)</subfield>
      </datafield>
   <datafield tag="590" ind1=" " ind2=" ">
      <subfield code="8">6\c</subfield>
      <subfield code="a">S solo and coro (2x)</subfield>
      </datafield>
   <datafield tag="593" ind1=" " ind2=" ">
      <subfield code="8">1\c</subfield>
      <subfield code="a">manuscript</subfield>
   </datafield>
   <datafield tag="593" ind1=" " ind2=" ">
      <subfield code="8">2\c</subfield>
      <subfield code="a">print</subfield>
      </datafield>
   <datafield tag="593" ind1=" " ind2=" ">
      <subfield code="8">3\c</subfield>
      <subfield code="a">manuscript</subfield>
      </datafield>
   <datafield tag="593" ind1=" " ind2=" ">
      <subfield code="8">4\c</subfield>
      <subfield code="a">manuscript</subfield>
      </datafield>
   <datafield tag="593" ind1=" " ind2=" ">
      <subfield code="8">5\c</subfield>
      <subfield code="a">print</subfield>
      </datafield>
   <datafield tag="593" ind1=" " ind2=" ">
      <subfield code="8">6\c</subfield>
      <subfield code="a">manuscript</subfield>
      </datafield>
   <datafield tag="594" ind1=" " ind2=" ">
      <subfield code="a">S, A, T, B, Coro S, Coro A, Coro T, Coro B, vl 1, vl 2, vla, vlc, b, ob (2), cor (2), tr (2), cl 1, 2 (ob 1, 2), timp, org (orch), bc: org</subfield>
   </datafield>
   <datafield tag="650" ind1="0" ind2="0">
      <subfield code="a">Masses</subfield>
   </datafield>
   <datafield tag="700" ind1="1" ind2=" ">
      <subfield code="8">1\c</subfield>
      <subfield code="a">Greith, Franz Josef</subfield>
      <subfield code="0">30042416</subfield>
      <subfield code="4">scr</subfield>
   </datafield>
   <datafield tag="852" ind1=" " ind2=" ">
      <subfield code="a">CH-SGd</subfield>
      <subfield code="c">ArchDom 1/10</subfield>
      <subfield code="x">30000213</subfield>
   </datafield>
   </record>