
<record>
   <leader>00000cdd#a2200000###4500</leader>
   <controlfield tag="001">402006522</controlfield>
   <controlfield tag="003">RISM</controlfield>
   <controlfield tag="005">20070101111111.0</controlfield>
   <controlfield tag="008">100214|||||||||gw |||||||||||||||||lat|d</controlfield>
   <datafield tag="031" ind1=" " ind2=" ">
      <subfield code="a">1</subfield>
      <subfield code="b">1</subfield>
      <subfield code="c">1</subfield>
      <subfield code="d">Kÿrie.. Largo</subfield>
      <subfield code="g">C-1</subfield>
      <subfield code="m">S</subfield>
      <subfield code="n">bBEA</subfield>
      <subfield code="o">c</subfield>
      <subfield code="p">'4E2G4F/E''2C'4B/''2C'B/A4AG/2F4GA/8{GB''C'B}4B-/</subfield>
      <subfield code="r">E|b</subfield>
      <subfield code="t">Kyrie, eleison Christe eleison Kyrie eleison</subfield>
      <subfield code="2">pe</subfield>
      <subfield code="u">31807512</subfield>
      </datafield>
   <datafield tag="031" ind1=" " ind2=" ">
      <subfield code="a">1</subfield>
      <subfield code="b">2</subfield>
      <subfield code="c">1</subfield>
      <subfield code="d">Gloria.. Moderato</subfield>
      <subfield code="g">C-1</subfield>
      <subfield code="m">S</subfield>
      <subfield code="n">bBEA</subfield>
      <subfield code="o">c/</subfield>
      <subfield code="p">'1B/B/2B''C/1D/2D4ED/4.D8C'2B/''1C/'B/2AG/1F/4E4-2-/</subfield>
      <subfield code="r">E|b</subfield>
      <subfield code="t">Gloria, in excelsis Deo et in terra pax</subfield>
      <subfield code="2">pe</subfield>
      <subfield code="u">31807513</subfield>
      </datafield>
   <datafield tag="031" ind1=" " ind2=" ">
      <subfield code="a">1</subfield>
      <subfield code="b">3</subfield>
      <subfield code="c">1</subfield>
      <subfield code="d">Credo.. Andante sostenuto</subfield>
      <subfield code="g">C-1</subfield>
      <subfield code="m">A</subfield>
      <subfield code="n">bBE</subfield>
      <subfield code="o">2/4</subfield>
      <subfield code="p">=10/4-''8DD/2E/E/D+/4DD/2C+/4C'B/2A/4G-/</subfield>
      <subfield code="r">g</subfield>
      <subfield code="t">Et in unum Dominum</subfield>
      <subfield code="2">pe</subfield>
      <subfield code="u">31807514</subfield>
      </datafield>
   <datafield tag="031" ind1=" " ind2=" ">
      <subfield code="a">1</subfield>
      <subfield code="b">4</subfield>
      <subfield code="c">1</subfield>
      <subfield code="d">Larghetto</subfield>
      <subfield code="g">C-1</subfield>
      <subfield code="m">S</subfield>
      <subfield code="n">bBEA</subfield>
      <subfield code="o">6/8</subfield>
      <subfield code="p">'4.B''4E8E/{ED}F'4B8B/{B''ED}{C'B}A/4.G8FBB/{B''E}D4D8C/'4B8-</subfield>
      <subfield code="r">E|b</subfield>
      <subfield code="t">Et incarnatus est</subfield>
      <subfield code="2">pe</subfield>
      <subfield code="u">31807515</subfield>
      </datafield>
   <datafield tag="031" ind1=" " ind2=" ">
      <subfield code="a">1</subfield>
      <subfield code="b">5</subfield>
      <subfield code="c">1</subfield>
      <subfield code="d">Sanctus.. Adagio</subfield>
      <subfield code="g">C-1</subfield>
      <subfield code="m">S</subfield>
      <subfield code="n">bBEA</subfield>
      <subfield code="o">c</subfield>
      <subfield code="p">2-'B+/4BE2F/bGA/1(B)/2FB/1G/2bGB+/4BnA2(A)/</subfield>
      <subfield code="r">E|b</subfield>
      <subfield code="t">Sanctus, Dominus Deus Sabaoth</subfield>
      <subfield code="2">pe</subfield>
      <subfield code="u">31807516</subfield>
      </datafield>
   <datafield tag="031" ind1=" " ind2=" ">
      <subfield code="a">1</subfield>
      <subfield code="b">6</subfield>
      <subfield code="c">1</subfield>
      <subfield code="d">Benedictus.. Andante</subfield>
      <subfield code="g">C-1</subfield>
      <subfield code="m">S</subfield>
      <subfield code="n">bBE</subfield>
      <subfield code="o">6/8</subfield>
      <subfield code="p">=4/'4.B+8{BA}''C/'4B''8C4D8-/4.E8{DE}F/4F8D4C8C/4.C8{CD}</subfield>
      <subfield code="r">B|b</subfield>
      <subfield code="t">Benedictus, qui venit in nomine Domini hosanna in excelsis</subfield>
      <subfield code="2">pe</subfield>
      <subfield code="u">31807517</subfield>
      </datafield>
   <datafield tag="031" ind1=" " ind2=" ">
      <subfield code="a">1</subfield>
      <subfield code="b">7</subfield>
      <subfield code="c">1</subfield>
      <subfield code="d">Agnus.. Larghetto</subfield>
      <subfield code="g">C-3</subfield>
      <subfield code="m">A</subfield>
      <subfield code="n">bBEA</subfield>
      <subfield code="o">3/4</subfield>
      <subfield code="p">'4EAG/GnEF/D8{ED}{GF}/4FDE/GFE/2.B+/4BA</subfield>
      <subfield code="r">E|b</subfield>
      <subfield code="t">Agnus Dei, qui tollis peccata mundi miserere nobis</subfield>
      <subfield code="2">pe</subfield>
      <subfield code="u">31807518</subfield>
      </datafield>
   <datafield tag="041" ind1=" " ind2=" ">
      <subfield code="a">lat</subfield>
   </datafield>
   <datafield tag="100" ind1="1" ind2=" ">
      <subfield code="a">Aiblinger, Johann Kaspar</subfield>
      <subfield code="d">1779-1867</subfield>
      <subfield code="0">1040</subfield>
   </datafield>
   <datafield tag="240" ind1="1" ind2="0">
      <subfield code="a">Masses</subfield>
      <subfield code="m">Coro, orch, org</subfield>
      <subfield code="n">HauA I:11</subfield>
      <subfield code="r">E|b</subfield>
   </datafield>
   <datafield tag="245" ind1="1" ind2="0">
      <subfield code="a">[org, cover title:] KIRCHEN-MUSIK | für | kleine Stadt und Landchöre | von | Kaspar Aiblinger. | k. b. Hof-Capellmeister in München. | Enthaltend | Sechs Messen u. 14 kurze Vesperpsalmen | N|o 6 MISSA in Es | für | vier Singstimmen mit Begleitung von 2 Violinen, Viola, 2 Clarinetten, | 2 Horn (2 Trompeten u. Pauken ad lib.) Violoncelle, Bass und Orgel, | oder mit Orgel, Violoncell und Bass allein. | [...]</subfield>
   </datafield>
   <datafield tag="300" ind1=" " ind2=" ">
      <subfield code="8">1\c</subfield>
      <subfield code="a">2 parts: 9, 9p.</subfield>
      <subfield code="c">34 x 26 cm</subfield>
   </datafield>
   <datafield tag="300" ind1=" " ind2=" ">
      <subfield code="8">2\c</subfield>
      <subfield code="a">32 parts: 8, 8, 8, 8, 8, 8, 8, 8, 8, 8, 8, 8, 8, 8, 8, 8, 20, 20, 11, 11, 4, 4, 4, 4, 4, 4, 4, 4, 2, 2, 2, 2p.</subfield>
      <subfield code="c">36 x 23,5 cm</subfield>
   </datafield>
   <datafield tag="500" ind1=" " ind2=" ">
      <subfield code="a">tr und timp: ad libitum</subfield>
   </datafield>
   <datafield tag="510" ind1="1" ind2=" ">
      <subfield code="a">RepertoriumSt.Gallen</subfield>
      </datafield>
   <datafield tag="590" ind1=" " ind2=" ">
      <subfield code="8">1\c</subfield>
      <subfield code="a">S, A</subfield>
   </datafield>
   <datafield tag="590" ind1=" " ind2=" ">
      <subfield code="8">2\c</subfield>
      <subfield code="a">S (2x), A (2x), T (2x), B (2x), vl 1 (2x), vl 2 (2x), vla (2x), vlc and bc (2x), vlc and cb and org (2x), org (= bc.fig) (2x), cl 1 in B|b (2x), cl 2 in B|b (2x), cor 1 in E|b (2x), cor 2 in E|b (2x), tr 1 and 2 in E|b (2x), timp in B|b and E|b (2x)</subfield>
      </datafield>
   <datafield tag="593" ind1=" " ind2=" ">
      <subfield code="8">1\c</subfield>
      <subfield code="a">manuscript</subfield>
   </datafield>
   <datafield tag="593" ind1=" " ind2=" ">
      <subfield code="8">2\c</subfield>
      <subfield code="a">print</subfield>
      </datafield>
   <datafield tag="594" ind1=" " ind2=" ">
      <subfield code="a">Coro S, Coro A, Coro T, Coro B, vl 1, vl 2, vla, vlc, b, cl (2), cor (2), tr (2), timp, org, bc: org</subfield>
   </datafield>
   <datafield tag="650" ind1="0" ind2="0">
      <subfield code="a">Masses</subfield>
   </datafield>
   <datafield tag="852" ind1=" " ind2=" ">
      <subfield code="a">CH-SGd</subfield>
      <subfield code="c">ArchDom 1/8</subfield>
      <subfield code="x">30000213</subfield>
   </datafield>
   </record>