
<record>
   <leader>00000cdd#a2200000###4500</leader>
   <controlfield tag="001">402006552</controlfield>
   <controlfield tag="003">RISM</controlfield>
   <controlfield tag="005">20070101111111.0</controlfield>
   <controlfield tag="008">100214|||||||||gw |||||||||||||||||lat|d</controlfield>
   <datafield tag="031" ind1=" " ind2=" ">
      <subfield code="a">1</subfield>
      <subfield code="b">1</subfield>
      <subfield code="c">1</subfield>
      <subfield code="d">Kÿrie.. Larghetto</subfield>
      <subfield code="g">C-1</subfield>
      <subfield code="m">S</subfield>
      <subfield code="n">bB</subfield>
      <subfield code="o">c</subfield>
      <subfield code="p">=1/'2.A8.{B6A}/4A-2-/''2.C8.{D6C}/4C-</subfield>
      <subfield code="r">F</subfield>
      <subfield code="t">Kyrie, eleison Christe eleison Kyrie eleison</subfield>
      <subfield code="2">pe</subfield>
      <subfield code="u">31807544</subfield>
      </datafield>
   <datafield tag="031" ind1=" " ind2=" ">
      <subfield code="a">1</subfield>
      <subfield code="b">2</subfield>
      <subfield code="c">1</subfield>
      <subfield code="d">Gloria.. Allegretto moderato</subfield>
      <subfield code="g">C-1</subfield>
      <subfield code="m">S</subfield>
      <subfield code="n">bB</subfield>
      <subfield code="o">3/4</subfield>
      <subfield code="p">''2C4D/C'AF/2G4A/4.B''8C'4A/''2.C/'A/</subfield>
      <subfield code="r">F</subfield>
      <subfield code="t">Et in terra pax, hominibus bonae voluntatis</subfield>
      <subfield code="2">pe</subfield>
      <subfield code="u">31807545</subfield>
      </datafield>
   <datafield tag="031" ind1=" " ind2=" ">
      <subfield code="a">1</subfield>
      <subfield code="b">3</subfield>
      <subfield code="c">1</subfield>
      <subfield code="d">Credo.. Andante</subfield>
      <subfield code="g">C-1</subfield>
      <subfield code="m">S</subfield>
      <subfield code="n">bB</subfield>
      <subfield code="o">c/</subfield>
      <subfield code="p">=4/'1A/2AA/A4FD/2B4AA/2.A4A/1A/4AAAxG/A-2-/</subfield>
      <subfield code="r">F</subfield>
      <subfield code="t">Credo, in unum Deum patrem omnipotentem</subfield>
      <subfield code="2">pe</subfield>
      <subfield code="u">31807546</subfield>
      </datafield>
   <datafield tag="031" ind1=" " ind2=" ">
      <subfield code="a">1</subfield>
      <subfield code="b">4</subfield>
      <subfield code="c">1</subfield>
      <subfield code="d">Sanctus.. Adagio</subfield>
      <subfield code="g">C-1</subfield>
      <subfield code="m">S</subfield>
      <subfield code="n">bB</subfield>
      <subfield code="o">c</subfield>
      <subfield code="p">=2/'4FGBA/GxF2(G)/=2/''4C'nBAG/B''C'2(A)/</subfield>
      <subfield code="r">F</subfield>
      <subfield code="t">Sanctus, Dominus Deus Sabaoth</subfield>
      <subfield code="2">pe</subfield>
      <subfield code="u">31807547</subfield>
      </datafield>
   <datafield tag="031" ind1=" " ind2=" ">
      <subfield code="a">1</subfield>
      <subfield code="b">5</subfield>
      <subfield code="c">1</subfield>
      <subfield code="d">Benedictus.. Andante</subfield>
      <subfield code="g">C-1</subfield>
      <subfield code="m">S</subfield>
      <subfield code="n">bB</subfield>
      <subfield code="o">3/4</subfield>
      <subfield code="p">'2F4G/2A4F/''2C4D/C'AA/2.A/2A''4C/4..C'6nB''4C/'2G4G/G--/</subfield>
      <subfield code="r">F</subfield>
      <subfield code="t">Benedictus, qui venit in nomine Domini hosanna in excelsis</subfield>
      <subfield code="2">pe</subfield>
      <subfield code="u">31807548</subfield>
      </datafield>
   <datafield tag="031" ind1=" " ind2=" ">
      <subfield code="a">1</subfield>
      <subfield code="b">6</subfield>
      <subfield code="c">1</subfield>
      <subfield code="d">Agnus.. Andante sostenuto</subfield>
      <subfield code="g">C-1</subfield>
      <subfield code="m">S</subfield>
      <subfield code="n">bB</subfield>
      <subfield code="o">c</subfield>
      <subfield code="p">''2C'F/4GA2B/4A--A/2B4AA/2B4AA/''4FEDC/2C'4nB-/</subfield>
      <subfield code="r">F</subfield>
      <subfield code="t">Agnus Dei, qui tollis peccata mundi miserere nobis</subfield>
      <subfield code="2">pe</subfield>
      <subfield code="u">31807549</subfield>
      </datafield>
   <datafield tag="041" ind1=" " ind2=" ">
      <subfield code="a">lat</subfield>
   </datafield>
   <datafield tag="100" ind1="1" ind2=" ">
      <subfield code="a">Aiblinger, Johann Kaspar</subfield>
      <subfield code="d">1779-1867</subfield>
      <subfield code="0">1040</subfield>
   </datafield>
   <datafield tag="240" ind1="1" ind2="0">
      <subfield code="a">Masses</subfield>
      <subfield code="m">Coro, orch, org</subfield>
      <subfield code="n">HauA I:25</subfield>
      <subfield code="r">F</subfield>
   </datafield>
   <datafield tag="245" ind1="1" ind2="0">
      <subfield code="a">[org, cover title:] KIRCHEN-MUSIK | für | kleinere Stadt- und Landchöre | von | Kaspar Aiblinger, | k. b. Hof-Capellmeister in München. | Enthaltend | Sechs Messen u. 14. kurze Vesperpsalmen | N|o 4 MISSA in F | für | vier Singstimmen, mit Begleitung von 2 Violinen | Viola, 2 Hörner, Bass u. Violoncelle und Orgel, | oder mit Orgel allein. | [...]</subfield>
   </datafield>
   <datafield tag="260" ind1=" " ind2=" ">
      <subfield code="8">5\c</subfield>
      <subfield code="c">1857</subfield>
      </datafield>
   <datafield tag="300" ind1=" " ind2=" ">
      <subfield code="8">1\c</subfield>
      <subfield code="a">1 part: 11p.</subfield>
      <subfield code="c">33,5 x 25,5 cm</subfield>
   </datafield>
   <datafield tag="300" ind1=" " ind2=" ">
      <subfield code="8">2\c</subfield>
      <subfield code="a">33 parts: 8, 8, 8, 7, 7, 7, 7, 7, 7, 6, 6, 6, 7, 7, 7, 7, 7, 7, 6, 6, 6, 6, 6, 6, 9, 9, 9, 4, 4, 4, 4, 4, 4p.</subfield>
      <subfield code="c">36 x 22,5 cm</subfield>
   </datafield>
   <datafield tag="300" ind1=" " ind2=" ">
      <subfield code="8">3\c</subfield>
      <subfield code="a">8 parts: 7, 7, 7, 7, 7, 7, 7, 7p.</subfield>
      <subfield code="c">35 x 27 cm</subfield>
   </datafield>
   <datafield tag="300" ind1=" " ind2=" ">
      <subfield code="8">4\c</subfield>
      <subfield code="a">short score (piano score/3x): 20, 20, 20p.</subfield>
      </datafield>
   <datafield tag="300" ind1=" " ind2=" ">
      <subfield code="8">5\c</subfield>
      <subfield code="a">1 part: p.17-30</subfield>
      <subfield code="c">24,5 x 33 cm</subfield>
   </datafield>
   <datafield tag="500" ind1=" " ind2=" ">
      <subfield code="a">Handschriftliche Orgelstimme, Etikett auf dem Umschlag: "Missa N. 3-4. / v. / Aiblinger. / Orgel=Partitur. / Chorregent / J. Greith. / Am 5 März / 1857."</subfield>
   </datafield>
   <datafield tag="500" ind1=" " ind2=" ">
      <subfield code="a">Handschriftliche Orgelstimme, Vermerk auf Seite 17: "Am 26 Januar angefangen / 57."</subfield>
   </datafield>
   <datafield tag="500" ind1=" " ind2=" ">
      <subfield code="a">Handschriftliche Orgelstimme, Vermerk auf Seite 30: "am 28 Januar fertig gesc[h]rieben."</subfield>
   </datafield>
   <datafield tag="510" ind1="1" ind2=" ">
      <subfield code="a">RepertoriumSt.Gallen</subfield>
      </datafield>
   <datafield tag="590" ind1=" " ind2=" ">
      <subfield code="8">1\c</subfield>
      <subfield code="a">S</subfield>
   </datafield>
   <datafield tag="590" ind1=" " ind2=" ">
      <subfield code="8">2\c</subfield>
      <subfield code="a">S (3x), A (3x), T (3x), B (3x), vl 1 (3x), vl 2 (3x), vla (3x), vlc and cb (3x), org (= bc.fig) (3x), cor 1 in F (3x), cor 2 in F (3x)</subfield>
      </datafield>
   <datafield tag="590" ind1=" " ind2=" ">
      <subfield code="8">3\c</subfield>
      <subfield code="a">S (2x), A (2x), T (2x), B (2x)</subfield>
      </datafield>
   <datafield tag="590" ind1=" " ind2=" ">
      <subfield code="8">5\c</subfield>
      <subfield code="a">org</subfield>
      </datafield>
   <datafield tag="593" ind1=" " ind2=" ">
      <subfield code="8">1\c</subfield>
      <subfield code="a">manuscript</subfield>
   </datafield>
   <datafield tag="593" ind1=" " ind2=" ">
      <subfield code="8">2\c</subfield>
      <subfield code="a">print</subfield>
      </datafield>
   <datafield tag="593" ind1=" " ind2=" ">
      <subfield code="8">3\c</subfield>
      <subfield code="a">manuscript</subfield>
      </datafield>
   <datafield tag="593" ind1=" " ind2=" ">
      <subfield code="8">4\c</subfield>
      <subfield code="a">print</subfield>
      </datafield>
   <datafield tag="593" ind1=" " ind2=" ">
      <subfield code="8">5\c</subfield>
      <subfield code="a">manuscript</subfield>
      </datafield>
   <datafield tag="594" ind1=" " ind2=" ">
      <subfield code="a">Coro S, Coro A, Coro T, Coro B, vl 1, vl 2, vla, vlc, b, cor (2), org (orch), bc: org</subfield>
   </datafield>
   <datafield tag="650" ind1="0" ind2="0">
      <subfield code="a">Masses</subfield>
   </datafield>
   <datafield tag="700" ind1="1" ind2=" ">
      <subfield code="8">5\c</subfield>
      <subfield code="a">Greith, Franz Josef</subfield>
      <subfield code="0">30042416</subfield>
      <subfield code="4">scr</subfield>
   </datafield>
   <datafield tag="852" ind1=" " ind2=" ">
      <subfield code="a">CH-SGd</subfield>
      <subfield code="c">ArchDom 1/11 [manuscript and printed parts]</subfield>
      <subfield code="c">ArchDom 1/6.2 [manuscript org]</subfield>
      <subfield code="x">30000213</subfield>
   </datafield>
   </record>