
<record>
   <leader>00000cdd#a2200000###4500</leader>
   <controlfield tag="001">402006555</controlfield>
   <controlfield tag="003">RISM</controlfield>
   <controlfield tag="005">20070101111111.0</controlfield>
   <controlfield tag="008">100214|||||||||gw |||||||||||||||||lat|d</controlfield>
   <datafield tag="031" ind1=" " ind2=" ">
      <subfield code="a">1</subfield>
      <subfield code="b">1</subfield>
      <subfield code="c">1</subfield>
      <subfield code="d">Kÿrie.. Andante sostenuto</subfield>
      <subfield code="g">C-1</subfield>
      <subfield code="m">S coro</subfield>
      <subfield code="n">bB</subfield>
      <subfield code="o">c</subfield>
      <subfield code="p">=8/''2CD/'4nBB''CD/'G''CE'G/GFE-/</subfield>
      <subfield code="r">F</subfield>
      <subfield code="t">Kyrie, eleison Christe eleison Kyrie eleison</subfield>
      <subfield code="2">pe</subfield>
      <subfield code="u">31807572</subfield>
      </datafield>
   <datafield tag="031" ind1=" " ind2=" ">
      <subfield code="a">1</subfield>
      <subfield code="b">2</subfield>
      <subfield code="c">1</subfield>
      <subfield code="d">Gloria.. Moderato</subfield>
      <subfield code="g">C-1</subfield>
      <subfield code="m">S coro</subfield>
      <subfield code="n">bB</subfield>
      <subfield code="o">c/</subfield>
      <subfield code="p">'2FF/4FEGA/2.B''4C/4.'B8A4A''C+/C'2B4A+/A2G4F/</subfield>
      <subfield code="r">F</subfield>
      <subfield code="t">Et in terra pax, hominibus bonae voluntatis</subfield>
      <subfield code="2">pe</subfield>
      <subfield code="u">31807573</subfield>
      </datafield>
   <datafield tag="031" ind1=" " ind2=" ">
      <subfield code="a">1</subfield>
      <subfield code="b">3</subfield>
      <subfield code="c">1</subfield>
      <subfield code="d">Credo.. Moderato</subfield>
      <subfield code="g">C-1</subfield>
      <subfield code="m">S coro</subfield>
      <subfield code="n">bB</subfield>
      <subfield code="o">c/</subfield>
      <subfield code="p">''1C/'2AA/A4(B''CD)/1C/'2AA/BA/B4AA/1G/2F</subfield>
      <subfield code="r">F</subfield>
      <subfield code="t">Patrem omnipotentem, factorem caeli et terrae</subfield>
      <subfield code="2">pe</subfield>
      <subfield code="u">31807574</subfield>
      </datafield>
   <datafield tag="031" ind1=" " ind2=" ">
      <subfield code="a">1</subfield>
      <subfield code="b">4</subfield>
      <subfield code="c">1</subfield>
      <subfield code="d">Sanctus.. Adagio</subfield>
      <subfield code="g">C-1</subfield>
      <subfield code="m">S coro</subfield>
      <subfield code="n">bB</subfield>
      <subfield code="o">c</subfield>
      <subfield code="p">''4C8{DC}{'B''DC'B}/4.A8B''2(C)/4E8{FE}{DC'nB''D}/4C'8.{A6G}2(G)/</subfield>
      <subfield code="r">F</subfield>
      <subfield code="t">Sanctus, Dominus Deus Sabaoth</subfield>
      <subfield code="2">pe</subfield>
      <subfield code="u">31807575</subfield>
      </datafield>
   <datafield tag="031" ind1=" " ind2=" ">
      <subfield code="a">1</subfield>
      <subfield code="b">5</subfield>
      <subfield code="c">1</subfield>
      <subfield code="d">Benedictus.. Andantino</subfield>
      <subfield code="g">C-1</subfield>
      <subfield code="m">S solo</subfield>
      <subfield code="n">bBE</subfield>
      <subfield code="o">2/4</subfield>
      <subfield code="p">''4D'B/8{A''6.C'3B}8B-/''4FD/8{C6.E3D}8DD/{DC}'BA/4B''8CD/'4A8BG/4F-/</subfield>
      <subfield code="r">B|b</subfield>
      <subfield code="t">Benedictus, qui venit in nomine Domini hosanna in excelsis</subfield>
      <subfield code="2">pe</subfield>
      <subfield code="u">31807576</subfield>
      </datafield>
   <datafield tag="031" ind1=" " ind2=" ">
      <subfield code="a">1</subfield>
      <subfield code="b">6</subfield>
      <subfield code="c">1</subfield>
      <subfield code="d">Agnus Dei.. Largo</subfield>
      <subfield code="g">C-1</subfield>
      <subfield code="m">S coro</subfield>
      <subfield code="n">bBEAD</subfield>
      <subfield code="o">c</subfield>
      <subfield code="p">'2A''C/2.D8{C'B}/{AB}''2C4C/C2'B4A/G''DDC/8{C'B}{BA}4A8G-/</subfield>
      <subfield code="r">f</subfield>
      <subfield code="t">Agnus Dei, qui tollis peccata mundi miserere nobis</subfield>
      <subfield code="2">pe</subfield>
      <subfield code="u">31807577</subfield>
      </datafield>
   <datafield tag="031" ind1=" " ind2=" ">
      <subfield code="a">1</subfield>
      <subfield code="b">7</subfield>
      <subfield code="c">1</subfield>
      <subfield code="d">[attacca].</subfield>
      <subfield code="g">C-1</subfield>
      <subfield code="m">S coro</subfield>
      <subfield code="n">bB</subfield>
      <subfield code="o">c</subfield>
      <subfield code="p">'2F''C/2.D8{C'B}/{AB}''2C4C/C'2B4A/G''DDC/8{C'B}{BA}4A8G-/</subfield>
      <subfield code="r">F</subfield>
      <subfield code="t">Agnus Dei, qui tollis peccata mundi miserere nobis</subfield>
      <subfield code="2">pe</subfield>
      <subfield code="u">31807578</subfield>
      </datafield>
   <datafield tag="041" ind1=" " ind2=" ">
      <subfield code="a">lat</subfield>
   </datafield>
   <datafield tag="100" ind1="1" ind2=" ">
      <subfield code="a">Aiblinger, Johann Kaspar</subfield>
      <subfield code="d">1779-1867</subfield>
      <subfield code="0">1040</subfield>
   </datafield>
   <datafield tag="240" ind1="1" ind2="0">
      <subfield code="a">Masses</subfield>
      <subfield code="m">V (2), Coro femminile, strings, org</subfield>
      <subfield code="n">HauA I:21</subfield>
      <subfield code="r">F</subfield>
   </datafield>
   <datafield tag="245" ind1="1" ind2="0">
      <subfield code="a">[score, cover title:] CYCLUS | zwey- und dreistimmiger Kirchencompositionen | (6 Messen, 5 Gradualien, 5 Offertorien, 1 Veni Sancte Spiritus, | 2 Litaneien, 1 Te Deum, 1 Tantum ergo.) | mit Begleitung der Orgel (Basso u. Violoncelle ad libit.) | von | Kaspar Aiblinger | k. b. Hofcapellmeister in München. | N|o 3 | MISSA CAECILIA ROSINA | für | Sopran und Alt | mit Begleitung | von Orgel, Bass u. Violoncelle. | [...]</subfield>
   </datafield>
   <datafield tag="300" ind1=" " ind2=" ">
      <subfield code="8">1\c</subfield>
      <subfield code="a">score (2 staves/without text): 15p.</subfield>
      </datafield>
   <datafield tag="300" ind1=" " ind2=" ">
      <subfield code="8">2\c</subfield>
      <subfield code="a">3 parts: 6, 6, 10p.</subfield>
      <subfield code="c">36 x 22,5 cm</subfield>
   </datafield>
   <datafield tag="500" ind1=" " ind2=" ">
      <subfield code="a">Partitur und Stimmen: zusammengebunden</subfield>
   </datafield>
   <datafield tag="500" ind1=" " ind2=" ">
      <subfield code="a">vlc und cb: ad libitum</subfield>
   </datafield>
   <datafield tag="510" ind1="1" ind2=" ">
      <subfield code="a">RepertoriumSt.Gallen</subfield>
      </datafield>
   <datafield tag="590" ind1=" " ind2=" ">
      <subfield code="8">2\c</subfield>
      <subfield code="a">Solo and coro: S, A, vlc and bc</subfield>
      </datafield>
   <datafield tag="593" ind1=" " ind2=" ">
      <subfield code="8">1\c</subfield>
      <subfield code="a">print</subfield>
   </datafield>
   <datafield tag="593" ind1=" " ind2=" ">
      <subfield code="8">2\c</subfield>
      <subfield code="a">print</subfield>
      </datafield>
   <datafield tag="594" ind1=" " ind2=" ">
      <subfield code="a">S, A, Coro S, Coro A, vlc, b, org</subfield>
   </datafield>
   <datafield tag="650" ind1="0" ind2="0">
      <subfield code="a">Masses</subfield>
   </datafield>
   <datafield tag="730" ind1="0" ind2=" ">
      <subfield code="a">Missa Caecilia Rosina</subfield>
   </datafield>
   <datafield tag="852" ind1=" " ind2=" ">
      <subfield code="a">CH-SGd</subfield>
      <subfield code="c">ArchDom 1/14</subfield>
      <subfield code="x">30000213</subfield>
   </datafield>
   </record>