
<record>
   <leader>00000cdd#a2200000###4500</leader>
   <controlfield tag="001">401001450</controlfield>
   <controlfield tag="003">RISM</controlfield>
   <controlfield tag="005">20070101111111.0</controlfield>
   <controlfield tag="008">100214|||||||||gw |||||||||||||||||lat|d</controlfield>
   <datafield tag="031" ind1=" " ind2=" ">
      <subfield code="a">1</subfield>
      <subfield code="b">1</subfield>
      <subfield code="c">1</subfield>
      <subfield code="d">29; 554</subfield>
      <subfield code="g">C-1</subfield>
      <subfield code="m">S 1</subfield>
      <subfield code="o">3/4</subfield>
      <subfield code="p">4''C'B''C/4.8ED4C/2F{8.6'AG}/2G4-/</subfield>
      <subfield code="r">C</subfield>
      <subfield code="t">O quam suavis est, Domine spiritus tuus</subfield>
      <subfield code="2">pe</subfield>
      <subfield code="u">31806807</subfield>
      </datafield>
   <datafield tag="041" ind1=" " ind2=" ">
      <subfield code="a">lat</subfield>
   </datafield>
   <datafield tag="100" ind1="1" ind2=" ">
      <subfield code="a">Aiblinger, Johann Kaspar</subfield>
      <subfield code="d">1779-1867</subfield>
      <subfield code="0">1040</subfield>
   </datafield>
   <datafield tag="240" ind1="1" ind2="0">
      <subfield code="a">O quam suavis est</subfield>
      <subfield code="m">S (2), org</subfield>
      <subfield code="n">HauA II:179</subfield>
      <subfield code="r">C</subfield>
   </datafield>
   <datafield tag="245" ind1="1" ind2="0">
      <subfield code="a">[parts, caption title:] Offertorium 5. | O quam suavis</subfield>
   </datafield>
   <datafield tag="300" ind1=" " ind2=" ">
      <subfield code="8">1\c</subfield>
      <subfield code="a">3 parts: 2, 2, 3p.</subfield>
      <subfield code="c">32 x 24,4 cm</subfield>
   </datafield>
   <datafield tag="590" ind1=" " ind2=" ">
      <subfield code="8">1\c</subfield>
      <subfield code="a">S 1, 2, org</subfield>
   </datafield>
   <datafield tag="593" ind1=" " ind2=" ">
      <subfield code="8">1\c</subfield>
      <subfield code="a">manuscript</subfield>
   </datafield>
   <datafield tag="594" ind1=" " ind2=" ">
      <subfield code="a">S (2), org</subfield>
   </datafield>
   <datafield tag="650" ind1="0" ind2="0">
      <subfield code="a">Offertories</subfield>
   </datafield>
   <datafield tag="773" ind1="0" ind2=" ">
      <subfield code="a">401001445</subfield>
   </datafield>
   <datafield tag="852" ind1=" " ind2=" ">
      <subfield code="a">CH-MÜ</subfield>
      <subfield code="c">Ms B 100</subfield>
      <subfield code="x">30000010</subfield>
   </datafield>
   </record>