
<record>
   <leader>00000cdd#a2200000###4500</leader>
   <controlfield tag="001">400104890</controlfield>
   <controlfield tag="003">RISM</controlfield>
   <controlfield tag="005">20070101111111.0</controlfield>
   <controlfield tag="008">100214|||||||||gw |||||||||||||||||lat|d</controlfield>
   <datafield tag="031" ind1=" " ind2=" ">
      <subfield code="a">1</subfield>
      <subfield code="b">1</subfield>
      <subfield code="c">1</subfield>
      <subfield code="d">13; 28</subfield>
      <subfield code="g">G-2</subfield>
      <subfield code="m">S</subfield>
      <subfield code="n">xFCG</subfield>
      <subfield code="o">c/</subfield>
      <subfield code="p">'1A/2AG/AA/''CD/2.E4C/'1B/A/B/A/2AB/''C'4AB/1''C/'A+/2AG/</subfield>
      <subfield code="r">A</subfield>
      <subfield code="t">Veni sancte spiritus reple, tuorum corda fidelium</subfield>
      <subfield code="2">pe</subfield>
      <subfield code="u">31806297</subfield>
      </datafield>
   <datafield tag="041" ind1=" " ind2=" ">
      <subfield code="a">lat</subfield>
   </datafield>
   <datafield tag="100" ind1="1" ind2=" ">
      <subfield code="a">Aiblinger, Johann Kaspar</subfield>
      <subfield code="d">1779-1867</subfield>
      <subfield code="0">1040</subfield>
   </datafield>
   <datafield tag="240" ind1="1" ind2="0">
      <subfield code="a">Veni sancte spiritus reple</subfield>
      <subfield code="m">Coro</subfield>
      <subfield code="n">HauA II:270</subfield>
      <subfield code="r">A</subfield>
   </datafield>
   <datafield tag="245" ind1="1" ind2="0">
      <subfield code="a">[caption title:] XI. Veni sancte Spiritus | von C. Aiblinger.</subfield>
   </datafield>
   <datafield tag="300" ind1=" " ind2=" ">
      <subfield code="8">1\c</subfield>
      <subfield code="a">score: p.41-42</subfield>
      </datafield>
   <datafield tag="510" ind1="1" ind2=" ">
      <subfield code="a">WittF 1866</subfield>
      <subfield code="c">Jg.8, 1873, no.11, p.41-42</subfield>
      </datafield>
   <datafield tag="593" ind1=" " ind2=" ">
      <subfield code="8">1\c</subfield>
      <subfield code="a">print</subfield>
   </datafield>
   <datafield tag="594" ind1=" " ind2=" ">
      <subfield code="a">Coro A, Coro T (2), Coro B, Coro S</subfield>
   </datafield>
   <datafield tag="650" ind1="0" ind2="0">
      <subfield code="a">Hymns</subfield>
   </datafield>
   <datafield tag="773" ind1="0" ind2=" ">
      <subfield code="a">400104871</subfield>
   </datafield>
   <datafield tag="852" ind1=" " ind2=" ">
      <subfield code="a">CH-E</subfield>
      <subfield code="c">Mw 601b</subfield>
      <subfield code="x">30000006</subfield>
   </datafield>
   </record>