
<record>
   <leader>00000cdd#a2200000###4500</leader>
   <controlfield tag="001">401000476</controlfield>
   <controlfield tag="003">RISM</controlfield>
   <controlfield tag="005">20060823111111.0</controlfield>
   <controlfield tag="008">100214s1755||||gw |||||||||||||||||lat|d</controlfield>
   <datafield tag="031" ind1=" " ind2=" ">
      <subfield code="a">1</subfield>
      <subfield code="b">1</subfield>
      <subfield code="c">1</subfield>
      <subfield code="d">Andante</subfield>
      <subfield code="g">G-2</subfield>
      <subfield code="m">vl 1</subfield>
      <subfield code="n">bBE</subfield>
      <subfield code="o">4/4</subfield>
      <subfield code="p">{(6''BAG)}/{8FE}{D(6BAG)}{8FEDC}/6D</subfield>
      <subfield code="r">B|b</subfield>
      <subfield code="2">pe</subfield>
      <subfield code="u">30566310</subfield>
      </datafield>
   <datafield tag="031" ind1=" " ind2=" ">
      <subfield code="a">1</subfield>
      <subfield code="b">1</subfield>
      <subfield code="c">2</subfield>
      <subfield code="g">C-1</subfield>
      <subfield code="m">S 1</subfield>
      <subfield code="n">bBE</subfield>
      <subfield code="o">4/4</subfield>
      <subfield code="p">8-/=2/4-8-6'FF{B''C}{'B''C}{'B''C}{'B''C}/8D'B-</subfield>
      <subfield code="r">B|b</subfield>
      <subfield code="t">Ave maris stella, Dei mater alma</subfield>
      <subfield code="2">pe</subfield>
      <subfield code="u">30566311</subfield>
      </datafield>
   <datafield tag="041" ind1=" " ind2=" ">
      <subfield code="a">lat</subfield>
   </datafield>
   <datafield tag="100" ind1="1" ind2=" ">
      <subfield code="a">Alano</subfield>
      <subfield code="0">30019119</subfield>
   </datafield>
   <datafield tag="240" ind1="1" ind2="0">
      <subfield code="a">Ave maris stella</subfield>
      <subfield code="m">Coro, vlc, org</subfield>
      <subfield code="r">B|b</subfield>
   </datafield>
   <datafield tag="245" ind1="1" ind2="0">
      <subfield code="a">[org, title page:] Hÿmnus | Ave Maris Stella. | â | Canto I et Canto 2do | Violino Imo | Violino 2do | et | Organo et Violoncello | Ex B | De | B: V: Maria | Auth: R: P: Alano | [... unreadable, sticked] gl: O.P. 1755. | 26 Maij.p.d: | Kirchhemÿ</subfield>
   </datafield>
   <datafield tag="260" ind1=" " ind2=" ">
      <subfield code="8">1\c</subfield>
      <subfield code="c">1755 (1755)</subfield>
   </datafield>
   <datafield tag="300" ind1=" " ind2=" ">
      <subfield code="8">1\c</subfield>
      <subfield code="a">6 parts: 1, 1p., 1, 1p., 1, 2p.</subfield>
      <subfield code="c">22,2 x 18,1 cm</subfield>
   </datafield>
   <datafield tag="500" ind1=" " ind2=" ">
      <subfield code="a">org, title page: oben alte Zählung "[N, überklebt:] ro. 251", unten Vermerk "ad Mariam Josepham Mühlgraberin 1755 26 Maÿ"</subfield>
   </datafield>
   <datafield tag="590" ind1=" " ind2=" ">
      <subfield code="8">1\c</subfield>
      <subfield code="a">S 1, 2, vl 1, 2, vlc, org (= bc.fig)</subfield>
   </datafield>
   <datafield tag="591" ind1="0" ind2="0">
      <subfield code="a">Nro 251</subfield>
   </datafield>
   <datafield tag="593" ind1=" " ind2=" ">
      <subfield code="8">1\c</subfield>
      <subfield code="a">manuscript</subfield>
   </datafield>
   <datafield tag="594" ind1=" " ind2=" ">
      <subfield code="a">Coro S (2), vl 1, vl 2, vlc, org, b, bc: vlc, bc: org</subfield>
   </datafield>
   <datafield tag="650" ind1="0" ind2="0">
      <subfield code="a">Hymns</subfield>
   </datafield>
   <datafield tag="657" ind1=" " ind2="7">
      <subfield code="a">Mariae (B.V.)</subfield>
   </datafield>
   <datafield tag="700" ind1="1" ind2=" ">
      <subfield code="a">Mühlgraber, Maria Josepha</subfield>
      <subfield code="0">30043498</subfield>
      <subfield code="4">fmo</subfield>
   </datafield>
   <datafield tag="852" ind1=" " ind2=" ">
      <subfield code="a">CH-D</subfield>
      <subfield code="c">ML 1756 (Ms.133401)</subfield>
      <subfield code="x">30000507</subfield>
   </datafield>
   </record>