
<record>
   <leader>00000cdd#a2200000###4500</leader>
   <controlfield tag="001">400108706</controlfield>
   <controlfield tag="003">RISM</controlfield>
   <controlfield tag="005">20090101111111.0</controlfield>
   <controlfield tag="008">100214|||||||||gw |||||||||||||||||||||d</controlfield>
   <datafield tag="031" ind1=" " ind2=" ">
      <subfield code="a">1</subfield>
      <subfield code="b">1</subfield>
      <subfield code="c">1</subfield>
      <subfield code="d">Allegro</subfield>
      <subfield code="g">G-2</subfield>
      <subfield code="m">vl</subfield>
      <subfield code="n">xF</subfield>
      <subfield code="o">6/8</subfield>
      <subfield code="p">'{8DDD}{DDD}/{DExE}F--/{FGxG}A--/4B8A4B8A/4B8A{''C'BA}/{GAxA}B--/</subfield>
      <subfield code="r">G</subfield>
      <subfield code="2">pe</subfield>
      <subfield code="u">32209533</subfield>
      </datafield>
   <datafield tag="031" ind1=" " ind2=" ">
      <subfield code="a">1</subfield>
      <subfield code="b">2</subfield>
      <subfield code="c">1</subfield>
      <subfield code="d">[attacca]. Andante sostenuto</subfield>
      <subfield code="g">G-2</subfield>
      <subfield code="m">vl</subfield>
      <subfield code="n">xF</subfield>
      <subfield code="o">c</subfield>
      <subfield code="p">4-{8.'G6F}4G{8.G6F}/4.G8F{GB''DE}/4E{6DC'AF}4D-/</subfield>
      <subfield code="r">G</subfield>
      <subfield code="2">pe</subfield>
      <subfield code="u">32209534</subfield>
      </datafield>
   <datafield tag="031" ind1=" " ind2=" ">
      <subfield code="a">1</subfield>
      <subfield code="b">3</subfield>
      <subfield code="c">1</subfield>
      <subfield code="d">[attacca]. Allegretto</subfield>
      <subfield code="g">G-2</subfield>
      <subfield code="m">vl</subfield>
      <subfield code="o">2/4</subfield>
      <subfield code="p">=1/8-{''ExDE}/{GECD}/2E/4C-/</subfield>
      <subfield code="r">C</subfield>
      <subfield code="2">pe</subfield>
      <subfield code="u">32209535</subfield>
      </datafield>
   <datafield tag="100" ind1="1" ind2=" ">
      <subfield code="a">Alard, Delphin-Jean</subfield>
      <subfield code="d">1815-1888</subfield>
      <subfield code="0">30016267</subfield>
   </datafield>
   <datafield tag="240" ind1="1" ind2="0">
      <subfield code="a">Le Chalet</subfield>
      <subfield code="k">Arr</subfield>
      <subfield code="m">vl, pf</subfield>
      <subfield code="r">G</subfield>
   </datafield>
   <datafield tag="245" ind1="1" ind2="0">
      <subfield code="a">[score, cover title:] 8 | Fantaisies | faciles | pour | violon | avec Accompagnement de piano | par | D. Alard | [...] | op. 39 | [...] | N|o. 3 Adam. La Chalet | [...] | Mayence chez le fils de B. Schott</subfield>
   </datafield>
   <datafield tag="300" ind1=" " ind2=" ">
      <subfield code="8">1\c</subfield>
      <subfield code="a">score: 7p.</subfield>
      <subfield code="c">33 x 23 cm</subfield>
   </datafield>
   <datafield tag="383" ind1=" " ind2=" ">
      <subfield code="b">op.39/3</subfield>
   </datafield>
   <datafield tag="510" ind1="1" ind2=" ">
      <subfield code="a">RepertoriumBeromünst</subfield>
      </datafield>
   <datafield tag="593" ind1=" " ind2=" ">
      <subfield code="8">1\c</subfield>
      <subfield code="a">print</subfield>
   </datafield>
   <datafield tag="594" ind1=" " ind2=" ">
      <subfield code="a">vl 1, pf</subfield>
   </datafield>
   <datafield tag="650" ind1="0" ind2="0">
      <subfield code="a">Fantasies</subfield>
   </datafield>
   <datafield tag="700" ind1="1" ind2=" ">
      <subfield code="a">Adam, Adolphe Charles</subfield>
      <subfield code="d">1803-1856</subfield>
      <subfield code="0">689</subfield>
      <subfield code="4">cmp</subfield>
   </datafield>
   <datafield tag="852" ind1=" " ind2=" ">
      <subfield code="a">CH-BM</subfield>
      <subfield code="c">Mus.Dr.II.5</subfield>
      <subfield code="x">30000005</subfield>
   </datafield>
   </record>