
<record>
   <leader>00000cdd#a2200000###4500</leader>
   <controlfield tag="001">400007846</controlfield>
   <controlfield tag="003">RISM</controlfield>
   <controlfield tag="005">20060823111111.0</controlfield>
   <controlfield tag="008">100214|||||||||gw |||||||||||||||||||||d</controlfield>
   <datafield tag="031" ind1=" " ind2=" ">
      <subfield code="a">1</subfield>
      <subfield code="b">1</subfield>
      <subfield code="c">1</subfield>
      <subfield code="d">Presto</subfield>
      <subfield code="g">G-2</subfield>
      <subfield code="m">vl 1</subfield>
      <subfield code="n">bB</subfield>
      <subfield code="o">2/4</subfield>
      <subfield code="p">'4F8-6-(3GAB)/''8C'C8-6-(''3CDE)/</subfield>
      <subfield code="2">pe</subfield>
      <subfield code="u">30492625</subfield>
      </datafield>
   <datafield tag="031" ind1=" " ind2=" ">
      <subfield code="a">1</subfield>
      <subfield code="b">2</subfield>
      <subfield code="c">1</subfield>
      <subfield code="d">Adagio e spicco</subfield>
      <subfield code="o">c</subfield>
      <subfield code="u">30492626</subfield>
      </datafield>
   <datafield tag="031" ind1=" " ind2=" ">
      <subfield code="a">1</subfield>
      <subfield code="b">3</subfield>
      <subfield code="c">1</subfield>
      <subfield code="d">Presto</subfield>
      <subfield code="o">2/4</subfield>
      <subfield code="u">30492627</subfield>
      </datafield>
   <datafield tag="100" ind1="1" ind2=" ">
      <subfield code="a">Alberti, Giuseppe Matteo</subfield>
      <subfield code="d">1685-1751</subfield>
      <subfield code="0">30000059</subfield>
   </datafield>
   <datafield tag="240" ind1="1" ind2="0">
      <subfield code="a">Concertos</subfield>
      <subfield code="m">vl (2), vla, cemb</subfield>
      <subfield code="n">TalA 31</subfield>
      <subfield code="r">F</subfield>
   </datafield>
   <datafield tag="245" ind1="1" ind2="0">
      <subfield code="a">[...] | Concerto Per Camera. a 4|o con Stru[ment]:o | Del Sig|e Giuseppe Mattèo Alberti.</subfield>
   </datafield>
   <datafield tag="300" ind1=" " ind2=" ">
      <subfield code="8">1\c</subfield>
      <subfield code="a">4 parts</subfield>
      <subfield code="c">in quer-4</subfield>
   </datafield>
   <datafield tag="510" ind1="1" ind2=" ">
      <subfield code="a">WalterZ 1960</subfield>
      <subfield code="c">p.1</subfield>
      </datafield>
   <datafield tag="590" ind1=" " ind2=" ">
      <subfield code="8">1\c</subfield>
      <subfield code="a">vl 1, 2, a-vla, cemb (partly fig)</subfield>
   </datafield>
   <datafield tag="591" ind1="0" ind2="0">
      <subfield code="a">No. 56</subfield>
   </datafield>
   <datafield tag="593" ind1=" " ind2=" ">
      <subfield code="8">1\c</subfield>
      <subfield code="a">manuscript</subfield>
   </datafield>
   <datafield tag="594" ind1=" " ind2=" ">
      <subfield code="a">vl 1, vl 2, vla, cemb</subfield>
   </datafield>
   <datafield tag="650" ind1="0" ind2="0">
      <subfield code="a">Concertos</subfield>
   </datafield>
   <datafield tag="852" ind1=" " ind2=" ">
      <subfield code="a">CH-Zz</subfield>
      <subfield code="c">AMG XIII 7061 &amp; a-c (Ms.978)</subfield>
      <subfield code="x">30000014</subfield>
   </datafield>
   </record>