
<record>
   <leader>00000cdd#a2200000###4500</leader>
   <controlfield tag="001">403008544</controlfield>
   <controlfield tag="003">RISM</controlfield>
   <controlfield tag="005">20070101111111.0</controlfield>
   <controlfield tag="008">100214|||||||||gw |||||||||||||||||||||d</controlfield>
   <datafield tag="031" ind1=" " ind2=" ">
      <subfield code="a">1</subfield>
      <subfield code="b">1</subfield>
      <subfield code="c">1</subfield>
      <subfield code="g">G-2</subfield>
      <subfield code="m">org</subfield>
      <subfield code="o">c</subfield>
      <subfield code="p">'=3/2--1A+/2AG1F/=1/1.''E2D+/D</subfield>
      <subfield code="r">8t</subfield>
      <subfield code="2">pe</subfield>
      <subfield code="u">31807936</subfield>
      </datafield>
   <datafield tag="100" ind1="1" ind2=" ">
      <subfield code="a">Alberti, Johann Friedrich</subfield>
      <subfield code="d">1642-1710</subfield>
      <subfield code="0">30017932</subfield>
   </datafield>
   <datafield tag="240" ind1="1" ind2="0">
      <subfield code="a">O lux beata trinitas</subfield>
      <subfield code="m">org</subfield>
      <subfield code="r">8t</subfield>
   </datafield>
   <datafield tag="245" ind1="1" ind2="0">
      <subfield code="a">[caption title:] No.34. O lux beata trinitas. | Jos. Friedrich Alberti, Organist zu Merseburg, | geb. zu Tönningen in Holstein am 11 Jun: 1642, | gest. am 24 Jan: 1710.</subfield>
   </datafield>
   <datafield tag="300" ind1=" " ind2=" ">
      <subfield code="8">1\c</subfield>
      <subfield code="a">1 part: p.28</subfield>
      </datafield>
   <datafield tag="590" ind1=" " ind2=" ">
      <subfield code="8">1\c</subfield>
      <subfield code="a">org</subfield>
   </datafield>
   <datafield tag="593" ind1=" " ind2=" ">
      <subfield code="8">1\c</subfield>
      <subfield code="a">print</subfield>
   </datafield>
   <datafield tag="594" ind1=" " ind2=" ">
      <subfield code="a">org</subfield>
   </datafield>
   <datafield tag="650" ind1="0" ind2="0">
      <subfield code="a">Chorale arrangements</subfield>
   </datafield>
   <datafield tag="773" ind1="0" ind2=" ">
      <subfield code="a">403008510</subfield>
   </datafield>
   <datafield tag="852" ind1=" " ind2=" ">
      <subfield code="a">CH-E</subfield>
      <subfield code="c">52,8</subfield>
      <subfield code="x">30000006</subfield>
   </datafield>
   </record>