
<record>
   <leader>00000cdd#a2200000###4500</leader>
   <controlfield tag="001">400011289</controlfield>
   <controlfield tag="003">RISM</controlfield>
   <controlfield tag="005">20060823111111.0</controlfield>
   <controlfield tag="008">100214k17001799gw |||||||||||||||||||||d</controlfield>
   <datafield tag="031" ind1=" " ind2=" ">
      <subfield code="a">1</subfield>
      <subfield code="b">1</subfield>
      <subfield code="c">1</subfield>
      <subfield code="d">Allegro maestoso</subfield>
      <subfield code="g">G-2</subfield>
      <subfield code="m">org 1</subfield>
      <subfield code="n">xFC</subfield>
      <subfield code="o">c</subfield>
      <subfield code="p">''4DD6DEFGAB'''CD/''8AGEC'A''GEC/!6DEFE!f6DEFFAB'''CD/</subfield>
      <subfield code="2">pe</subfield>
      <subfield code="u">30496529</subfield>
      </datafield>
   <datafield tag="100" ind1="1" ind2=" ">
      <subfield code="a">Albertin, Alfons</subfield>
      <subfield code="d">1736-1790</subfield>
      <subfield code="0">30000061</subfield>
   </datafield>
   <datafield tag="240" ind1="1" ind2="0">
      <subfield code="a">Sonatas</subfield>
      <subfield code="m">org (4), winds, timp</subfield>
      <subfield code="r">D</subfield>
   </datafield>
   <datafield tag="245" ind1="1" ind2="0">
      <subfield code="a">Sonata | à | 4 Organi | con | Stromenti | Clarini, Corni in D. | è | Tÿmpani. | per la Festa di Pasqua. | 1787. | Autore Padre Don Alphonso Albertin, | Direttore di Musig: nel celeberrimo Monastero | Peterhusen.</subfield>
   </datafield>
   <datafield tag="260" ind1=" " ind2=" ">
      <subfield code="8">1\c</subfield>
      <subfield code="c">1700-1799 (18.sc)</subfield>
   </datafield>
   <datafield tag="300" ind1=" " ind2=" ">
      <subfield code="8">1\c</subfield>
      <subfield code="a">13 parts</subfield>
      <subfield code="c">in quer-4</subfield>
   </datafield>
   <datafield tag="590" ind1=" " ind2=" ">
      <subfield code="8">1\c</subfield>
      <subfield code="a">org 1, 2, 3, 4, clno 1 and org 1, clno 2 and org 1, clno 1 and org 3, clno 2 and org 3, cor 1 and org 2, cor 2 and org 2, cor 1 and org 4, cor 2 and org 4, timp and org 1</subfield>
   </datafield>
   <datafield tag="593" ind1=" " ind2=" ">
      <subfield code="8">1\c</subfield>
      <subfield code="a">manuscript</subfield>
   </datafield>
   <datafield tag="594" ind1=" " ind2=" ">
      <subfield code="a">iSol: org 1, 2, 3, 4, cl (2), cor (2), timp</subfield>
   </datafield>
   <datafield tag="650" ind1="0" ind2="0">
      <subfield code="a">Sonatas</subfield>
   </datafield>
   <datafield tag="852" ind1=" " ind2=" ">
      <subfield code="a">CH-E</subfield>
      <subfield code="c">55,51 (Ms.1941)</subfield>
      <subfield code="x">30000006</subfield>
   </datafield>
   </record>