
<record>
   <leader>00000cdd#a2200000###4500</leader>
   <controlfield tag="001">400007847</controlfield>
   <controlfield tag="003">RISM</controlfield>
   <controlfield tag="005">20060823111111.0</controlfield>
   <controlfield tag="008">100214|||||||||gw |||||||||||||||||ger|d</controlfield>
   <datafield tag="031" ind1=" " ind2=" ">
      <subfield code="a">1</subfield>
      <subfield code="b">1</subfield>
      <subfield code="c">1</subfield>
      <subfield code="d">Chorus. Allegro</subfield>
      <subfield code="g">C-1</subfield>
      <subfield code="m">S</subfield>
      <subfield code="o">c</subfield>
      <subfield code="p">=17/''4EDE8-'G/''4CD6EF8G4-/8-CDF6EF8G4-/</subfield>
      <subfield code="t">Dir mein Gott will ich Lob singen</subfield>
      <subfield code="2">pe</subfield>
      <subfield code="u">30492629</subfield>
      </datafield>
   <datafield tag="041" ind1=" " ind2=" ">
      <subfield code="a">ger</subfield>
   </datafield>
   <datafield tag="100" ind1="1" ind2=" ">
      <subfield code="a">Albertini, Gioacchino</subfield>
      <subfield code="d">1748-1812</subfield>
      <subfield code="0">30000062</subfield>
   </datafield>
   <datafield tag="240" ind1="1" ind2="0">
      <subfield code="a">Dir mein Gott will ich Lob singen</subfield>
      <subfield code="m">V (4), orch, cemb</subfield>
      <subfield code="r">C</subfield>
   </datafield>
   <datafield tag="245" ind1="1" ind2="0">
      <subfield code="a">Albertini | Der XXXIV Psalm. | [...]</subfield>
   </datafield>
   <datafield tag="300" ind1=" " ind2=" ">
      <subfield code="8">1\c</subfield>
      <subfield code="a">19 parts</subfield>
      <subfield code="c">in quer-4</subfield>
   </datafield>
   <datafield tag="500" ind1=" " ind2=" ">
      <subfield code="a">Albertini ist um 1769 in Zürich nachweisbar</subfield>
   </datafield>
   <datafield tag="510" ind1="1" ind2=" ">
      <subfield code="a">WalterZ 1960</subfield>
      <subfield code="c">p.2</subfield>
      </datafield>
   <datafield tag="590" ind1=" " ind2=" ">
      <subfield code="8">1\c</subfield>
      <subfield code="a">Solo: S, A, T, B, rip: S, A, T, B, vl 1 (2x), vl 2 (2x), vla (2x), cemb.fig, fl 1, 2, cor 1, 2</subfield>
   </datafield>
   <datafield tag="591" ind1="0" ind2="0">
      <subfield code="a">No. 98</subfield>
   </datafield>
   <datafield tag="593" ind1=" " ind2=" ">
      <subfield code="8">1\c</subfield>
      <subfield code="a">manuscript</subfield>
   </datafield>
   <datafield tag="594" ind1=" " ind2=" ">
      <subfield code="a">S, A, T, B, vl 1, vl 2, vla, fl (2), cor (2), cemb</subfield>
   </datafield>
   <datafield tag="650" ind1="0" ind2="0">
      <subfield code="a">Psalms</subfield>
   </datafield>
   <datafield tag="852" ind1=" " ind2=" ">
      <subfield code="a">CH-Zz</subfield>
      <subfield code="c">AMG XIII 7075 &amp; a-s (Ms.994)</subfield>
      <subfield code="x">30000014</subfield>
   </datafield>
   </record>