
<record>
   <leader>00000cdd#a2200000###4500</leader>
   <controlfield tag="001">400011292</controlfield>
   <controlfield tag="003">RISM</controlfield>
   <controlfield tag="005">20060823111111.0</controlfield>
   <controlfield tag="008">100214k17001799gw |||||||||||||||||||||d</controlfield>
   <datafield tag="031" ind1=" " ind2=" ">
      <subfield code="a">1</subfield>
      <subfield code="b">1</subfield>
      <subfield code="c">1</subfield>
      <subfield code="d">Affettuoso</subfield>
      <subfield code="g">G-2</subfield>
      <subfield code="m">vl 1</subfield>
      <subfield code="n">xFCG</subfield>
      <subfield code="o">2/4</subfield>
      <subfield code="p">'8E/{(6A''DC)}4C'8B/{(''6CFE)}4E8A/{8.Fq8G3FEFG}8F</subfield>
      <subfield code="2">pe</subfield>
      <subfield code="u">30496537</subfield>
      </datafield>
   <datafield tag="031" ind1=" " ind2=" ">
      <subfield code="a">1</subfield>
      <subfield code="b">2</subfield>
      <subfield code="c">1</subfield>
      <subfield code="d">Minuetto.</subfield>
      <subfield code="o">3/4</subfield>
      <subfield code="u">30496538</subfield>
      </datafield>
   <datafield tag="100" ind1="1" ind2=" ">
      <subfield code="a">Albertini, Giuseppe</subfield>
      <subfield code="d">18.sc</subfield>
      <subfield code="0">30000063</subfield>
   </datafield>
   <datafield tag="240" ind1="1" ind2="0">
      <subfield code="a">Sonatas</subfield>
      <subfield code="m">vl (2), b</subfield>
      <subfield code="r">A</subfield>
   </datafield>
   <datafield tag="245" ind1="1" ind2="0">
      <subfield code="a">Basso | Sonata a Trè | Del Sig|r|e Gioseppe Arbertini | [Incipit]</subfield>
   </datafield>
   <datafield tag="260" ind1=" " ind2=" ">
      <subfield code="8">1\c</subfield>
      <subfield code="c">1700-1799 (18.sc)</subfield>
   </datafield>
   <datafield tag="300" ind1=" " ind2=" ">
      <subfield code="8">1\c</subfield>
      <subfield code="a">3 parts</subfield>
      <subfield code="c">in quer-4</subfield>
   </datafield>
   <datafield tag="590" ind1=" " ind2=" ">
      <subfield code="8">1\c</subfield>
      <subfield code="a">vl 1, 2, b</subfield>
   </datafield>
   <datafield tag="593" ind1=" " ind2=" ">
      <subfield code="8">1\c</subfield>
      <subfield code="a">manuscript</subfield>
   </datafield>
   <datafield tag="594" ind1=" " ind2=" ">
      <subfield code="a">vl 1, vl 2, b</subfield>
   </datafield>
   <datafield tag="650" ind1="0" ind2="0">
      <subfield code="a">Triosonatas</subfield>
   </datafield>
   <datafield tag="852" ind1=" " ind2=" ">
      <subfield code="a">CH-E</subfield>
      <subfield code="c">67,5 (Ms.2167)</subfield>
      <subfield code="x">30000006</subfield>
   </datafield>
   </record>