
<record>
   <leader>00000cdd#a2200000###4500</leader>
   <controlfield tag="001">400003954</controlfield>
   <controlfield tag="003">RISM</controlfield>
   <controlfield tag="005">20060823111111.0</controlfield>
   <controlfield tag="008">100214k17001799gw |||||||||||||||||||||d</controlfield>
   <datafield tag="031" ind1=" " ind2=" ">
      <subfield code="a">1</subfield>
      <subfield code="b">1</subfield>
      <subfield code="c">1</subfield>
      <subfield code="d">Largo</subfield>
      <subfield code="g">G-2</subfield>
      <subfield code="m">vl 1</subfield>
      <subfield code="n">bBE</subfield>
      <subfield code="o">c</subfield>
      <subfield code="p">'4B/''Fq8E6DCDE8FBAG/4F</subfield>
      <subfield code="2">pe</subfield>
      <subfield code="u">30485205</subfield>
      </datafield>
   <datafield tag="031" ind1=" " ind2=" ">
      <subfield code="a">1</subfield>
      <subfield code="b">2</subfield>
      <subfield code="c">1</subfield>
      <subfield code="d">Menuetto.</subfield>
      <subfield code="o">3/4</subfield>
      <subfield code="u">30485206</subfield>
      </datafield>
   <datafield tag="100" ind1="1" ind2=" ">
      <subfield code="a">Albertini, Giuseppe</subfield>
      <subfield code="d">18.sc</subfield>
      <subfield code="0">30000063</subfield>
   </datafield>
   <datafield tag="240" ind1="1" ind2="0">
      <subfield code="a">Trios</subfield>
      <subfield code="m">vl (2), b</subfield>
      <subfield code="r">B|b</subfield>
   </datafield>
   <datafield tag="245" ind1="1" ind2="0">
      <subfield code="a">Trio a Due Violini | col | Basso | Scholae Engelberg. | N|o 2 | Del Sig|r|e Giuseppe Albertini. | Ad me M: Annam Doppler.</subfield>
   </datafield>
   <datafield tag="260" ind1=" " ind2=" ">
      <subfield code="8">1\c</subfield>
      <subfield code="c">1700-1799 (18.sc)</subfield>
   </datafield>
   <datafield tag="300" ind1=" " ind2=" ">
      <subfield code="8">1\c</subfield>
      <subfield code="a">3 parts</subfield>
      <subfield code="c">in -4</subfield>
   </datafield>
   <datafield tag="590" ind1=" " ind2=" ">
      <subfield code="8">1\c</subfield>
      <subfield code="a">vl 1, 2, b</subfield>
   </datafield>
   <datafield tag="593" ind1=" " ind2=" ">
      <subfield code="8">1\c</subfield>
      <subfield code="a">manuscript</subfield>
   </datafield>
   <datafield tag="594" ind1=" " ind2=" ">
      <subfield code="a">vl 1, vl 2, b</subfield>
   </datafield>
   <datafield tag="650" ind1="0" ind2="0">
      <subfield code="a">Trios (instr.)</subfield>
   </datafield>
   <datafield tag="700" ind1="1" ind2=" ">
      <subfield code="a">Doppler, Anna</subfield>
      <subfield code="0">30042000</subfield>
      <subfield code="4">fmo</subfield>
   </datafield>
   <datafield tag="852" ind1=" " ind2=" ">
      <subfield code="a">CH-EN</subfield>
      <subfield code="c">Ms A 202 (Ms.5442)</subfield>
      <subfield code="x">30000007</subfield>
   </datafield>
   </record>