
<record>
   <leader>00000cdd#a2200000###4500</leader>
   <controlfield tag="001">400110111</controlfield>
   <controlfield tag="003">RISM</controlfield>
   <controlfield tag="005">20090101111111.0</controlfield>
   <controlfield tag="008">100214|||||||||gw |||||||||||||||||||||d</controlfield>
   <datafield tag="031" ind1=" " ind2=" ">
      <subfield code="a">1</subfield>
      <subfield code="b">1</subfield>
      <subfield code="c">1</subfield>
      <subfield code="g">F-4</subfield>
      <subfield code="m">org</subfield>
      <subfield code="n">xF</subfield>
      <subfield code="o">c</subfield>
      <subfield code="p">,2B'C/2x,D4EF/2GE/4FEDxC/,,2B</subfield>
      <subfield code="r">e</subfield>
      <subfield code="2">pe</subfield>
      <subfield code="u">32212712</subfield>
      </datafield>
   <datafield tag="100" ind1="1" ind2=" ">
      <subfield code="a">Albrechtsberger, Johann Georg</subfield>
      <subfield code="d">1736-1809</subfield>
      <subfield code="0">1061</subfield>
   </datafield>
   <datafield tag="240" ind1="1" ind2="0">
      <subfield code="a">Fugues</subfield>
      <subfield code="m">org</subfield>
      <subfield code="r">e</subfield>
   </datafield>
   <datafield tag="245" ind1="1" ind2="0">
      <subfield code="a">[caption title:] 27. Fughette. | J. G. Albrechtsberger (1736-1809)</subfield>
   </datafield>
   <datafield tag="300" ind1=" " ind2=" ">
      <subfield code="8">1\c</subfield>
      <subfield code="a">1 part: p.127</subfield>
      </datafield>
   <datafield tag="510" ind1="1" ind2=" ">
      <subfield code="a">RepertoriumBeromünst</subfield>
      </datafield>
   <datafield tag="590" ind1=" " ind2=" ">
      <subfield code="8">1\c</subfield>
      <subfield code="a">org</subfield>
   </datafield>
   <datafield tag="593" ind1=" " ind2=" ">
      <subfield code="8">1\c</subfield>
      <subfield code="a">print</subfield>
   </datafield>
   <datafield tag="594" ind1=" " ind2=" ">
      <subfield code="a">org</subfield>
   </datafield>
   <datafield tag="650" ind1="0" ind2="0">
      <subfield code="a">Fugues (instr.)</subfield>
   </datafield>
   <datafield tag="650" ind1="0" ind2="0">
      <subfield code="a">Postludes</subfield>
   </datafield>
   <datafield tag="650" ind1="0" ind2="0">
      <subfield code="a">Keyboard pieces</subfield>
   </datafield>
   <datafield tag="773" ind1="0" ind2=" ">
      <subfield code="a">400110027</subfield>
   </datafield>
   <datafield tag="852" ind1=" " ind2=" ">
      <subfield code="a">CH-BM</subfield>
      <subfield code="c">Mus.Dr.II.103</subfield>
      <subfield code="x">30000005</subfield>
   </datafield>
   </record>