
<record>
   <leader>00000cdd#a2200000###4500</leader>
   <controlfield tag="001">402004088</controlfield>
   <controlfield tag="003">RISM</controlfield>
   <controlfield tag="005">20090206111111.0</controlfield>
   <controlfield tag="008">100214|||||||||gw |||||||||||||||||ger|d</controlfield>
   <datafield tag="031" ind1=" " ind2=" ">
      <subfield code="a">1</subfield>
      <subfield code="b">1</subfield>
      <subfield code="c">1</subfield>
      <subfield code="e">Hans Viol</subfield>
      <subfield code="g">F-4</subfield>
      <subfield code="m">Bariton</subfield>
      <subfield code="n">bBE</subfield>
      <subfield code="o">3/4</subfield>
      <subfield code="p">=1/,2B8{AG}/2A4F/4.B'8C4D/,2A4-/=1/</subfield>
      <subfield code="r">B|b</subfield>
      <subfield code="t">Spielmann schlief den Winter lang</subfield>
      <subfield code="2">pe</subfield>
      <subfield code="u">30580735</subfield>
      </datafield>
   <datafield tag="041" ind1=" " ind2=" ">
      <subfield code="a">ger</subfield>
   </datafield>
   <datafield tag="100" ind1="1" ind2=" ">
      <subfield code="a">Albrechtsberger, Johann Georg</subfield>
      <subfield code="d">1736-1809</subfield>
      <subfield code="0">1061</subfield>
   </datafield>
   <datafield tag="240" ind1="1" ind2="0">
      <subfield code="a">Galanteriefugen</subfield>
      <subfield code="m">Bariton, orch</subfield>
      <subfield code="r">B|b</subfield>
   </datafield>
   <datafield tag="245" ind1="1" ind2="0">
      <subfield code="a">[at center of the piano scores:] * Motiv aus den "Galanteriefugen" von Albrechtsberger.</subfield>
   </datafield>
   <datafield tag="300" ind1=" " ind2=" ">
      <subfield code="8">1\c</subfield>
      <subfield code="a">short score (piano score): p.43-44</subfield>
      <subfield code="c">27 x 19 cm</subfield>
   </datafield>
   <datafield tag="500" ind1=" " ind2=" ">
      <subfield code="a">Dieses Stück ist eine Einlage in: "Der Basler Bund 1501" von Hans Huber vergleiche CH E Ma 177</subfield>
   </datafield>
   <datafield tag="510" ind1="1" ind2=" ">
      <subfield code="a">RepertoriumSchweiz</subfield>
      </datafield>
   <datafield tag="593" ind1=" " ind2=" ">
      <subfield code="8">1\c</subfield>
      <subfield code="a">print</subfield>
   </datafield>
   <datafield tag="594" ind1=" " ind2=" ">
      <subfield code="a">Bariton, pf (orch)</subfield>
   </datafield>
   <datafield tag="650" ind1="0" ind2="0">
      <subfield code="a">Divertimentos</subfield>
   </datafield>
   <datafield tag="700" ind1="1" ind2=" ">
      <subfield code="a">Huber, Hans</subfield>
      <subfield code="d">1852-1921</subfield>
      <subfield code="0">103857</subfield>
      <subfield code="4">cmp</subfield>
   </datafield>
   <datafield tag="730" ind1="0" ind2=" ">
      <subfield code="a">Der Basler Bund 1501. Inserts</subfield>
   </datafield>
   <datafield tag="852" ind1=" " ind2=" ">
      <subfield code="a">CH-E</subfield>
      <subfield code="c">Ma 177</subfield>
      <subfield code="x">30000006</subfield>
   </datafield>
   </record>