
<record>
   <leader>00000cdd#a2200000###4500</leader>
   <controlfield tag="001">403003190</controlfield>
   <controlfield tag="003">RISM</controlfield>
   <controlfield tag="005">20060823111111.0</controlfield>
   <controlfield tag="008">100214|||||||||gw |||||||||||||||||||||d</controlfield>
   <datafield tag="031" ind1=" " ind2=" ">
      <subfield code="a">1</subfield>
      <subfield code="b">1</subfield>
      <subfield code="c">1</subfield>
      <subfield code="g">G-2</subfield>
      <subfield code="m">org</subfield>
      <subfield code="o">c</subfield>
      <subfield code="p">'=3/2-B/''2.C'4B/2A''D+/4D</subfield>
      <subfield code="r">4t</subfield>
      <subfield code="2">pe</subfield>
      <subfield code="u">30599654</subfield>
      </datafield>
   <datafield tag="100" ind1="1" ind2=" ">
      <subfield code="a">Albrechtsberger, Johann Georg</subfield>
      <subfield code="d">1736-1809</subfield>
      <subfield code="0">1061</subfield>
   </datafield>
   <datafield tag="240" ind1="1" ind2="0">
      <subfield code="a">Keyboard pieces</subfield>
      <subfield code="m">org</subfield>
      <subfield code="n">SchA 17/1</subfield>
      <subfield code="r">4t</subfield>
   </datafield>
   <datafield tag="245" ind1="1" ind2="0">
      <subfield code="a">[caption title:] IV. Ton. (hypophrygisch). | V. | J. G. Albrechtsberger.</subfield>
   </datafield>
   <datafield tag="300" ind1=" " ind2=" ">
      <subfield code="8">1\c</subfield>
      <subfield code="a">score: p.24</subfield>
      </datafield>
   <datafield tag="510" ind1="1" ind2=" ">
      <subfield code="a">CaeciliaE</subfield>
      <subfield code="c">Jg.4, 1887, no.6</subfield>
      </datafield>
   <datafield tag="593" ind1=" " ind2=" ">
      <subfield code="8">1\c</subfield>
      <subfield code="a">print</subfield>
   </datafield>
   <datafield tag="594" ind1=" " ind2=" ">
      <subfield code="a">org</subfield>
   </datafield>
   <datafield tag="650" ind1="0" ind2="0">
      <subfield code="a">Keyboard pieces</subfield>
   </datafield>
   <datafield tag="773" ind1="0" ind2=" ">
      <subfield code="a">403003169</subfield>
   </datafield>
   <datafield tag="852" ind1=" " ind2=" ">
      <subfield code="a">CH-E</subfield>
      <subfield code="c">Mw 420.2</subfield>
      <subfield code="x">30000006</subfield>
   </datafield>
   </record>