
<record>
   <leader>00000cdd#a2200000###4500</leader>
   <controlfield tag="001">400011298</controlfield>
   <controlfield tag="003">RISM</controlfield>
   <controlfield tag="005">20060823111111.0</controlfield>
   <controlfield tag="008">100214k17001799gw |||||||||||||||||lat|d</controlfield>
   <datafield tag="031" ind1=" " ind2=" ">
      <subfield code="a">1</subfield>
      <subfield code="b">1</subfield>
      <subfield code="c">1</subfield>
      <subfield code="d">Allegro assai</subfield>
      <subfield code="g">C-2</subfield>
      <subfield code="m">V</subfield>
      <subfield code="n">xFC</subfield>
      <subfield code="o">c</subfield>
      <subfield code="p">=11/2-4-8-'B/''4.E'8B''8.F'6A4A/8.G6G4G-8-</subfield>
      <subfield code="r">D</subfield>
      <subfield code="t">Laudate pueri, Dominum laudate nomen Domini; Veloce al par d'un barbaro</subfield>
      <subfield code="2">pe</subfield>
      <subfield code="u">30496557</subfield>
      </datafield>
   <datafield tag="031" ind1=" " ind2=" ">
      <subfield code="a">1</subfield>
      <subfield code="b">2</subfield>
      <subfield code="c">1</subfield>
      <subfield code="d">Allegro</subfield>
      <subfield code="m">V</subfield>
      <subfield code="o">3/4; c</subfield>
      <subfield code="u">30496558</subfield>
      </datafield>
   <datafield tag="041" ind1=" " ind2=" ">
      <subfield code="a">lat</subfield>
   </datafield>
   <datafield tag="041" ind1=" " ind2=" ">
      <subfield code="a">ita</subfield>
   </datafield>
   <datafield tag="100" ind1="1" ind2=" ">
      <subfield code="a">Alessandri, Felice</subfield>
      <subfield code="d">1747-1798</subfield>
      <subfield code="0">30000069</subfield>
   </datafield>
   <datafield tag="240" ind1="1" ind2="0">
      <subfield code="a">La Cameriera per amore</subfield>
      <subfield code="k">Excerpts</subfield>
      <subfield code="m">V, orch</subfield>
      </datafield>
   <datafield tag="245" ind1="1" ind2="0">
      <subfield code="a">Aria del Sig|r Felice Alessandri</subfield>
   </datafield>
   <datafield tag="260" ind1=" " ind2=" ">
      <subfield code="8">1\c</subfield>
      <subfield code="c">1700-1799 (18.sc)</subfield>
   </datafield>
   <datafield tag="300" ind1=" " ind2=" ">
      <subfield code="8">1\c</subfield>
      <subfield code="a">score</subfield>
      <subfield code="c">in quer-4</subfield>
   </datafield>
   <datafield tag="500" ind1=" " ind2=" ">
      <subfield code="a">Laudate pueri von späterer Hand</subfield>
   </datafield>
   <datafield tag="593" ind1=" " ind2=" ">
      <subfield code="8">1\c</subfield>
      <subfield code="a">manuscript</subfield>
   </datafield>
   <datafield tag="594" ind1=" " ind2=" ">
      <subfield code="a">V, vl 2, vla, b, ob, cor (2), vl 1</subfield>
   </datafield>
   <datafield tag="650" ind1="0" ind2="0">
      <subfield code="a">Operas</subfield>
   </datafield>
   <datafield tag="650" ind1="0" ind2="0">
      <subfield code="a">Sacred songs</subfield>
   </datafield>
   <datafield tag="650" ind1="0" ind2="0">
      <subfield code="a">Contrafacta</subfield>
   </datafield>
   <datafield tag="852" ind1=" " ind2=" ">
      <subfield code="a">CH-E</subfield>
      <subfield code="c">148,4 (Ms.2462)</subfield>
      <subfield code="x">30000006</subfield>
   </datafield>
   </record>