
<record>
   <leader>00000cdd#a2200000###4500</leader>
   <controlfield tag="001">400011294</controlfield>
   <controlfield tag="003">RISM</controlfield>
   <controlfield tag="005">20060823111111.0</controlfield>
   <controlfield tag="008">100214k17001799gw |||||||||||||||||ita|d</controlfield>
   <datafield tag="031" ind1=" " ind2=" ">
      <subfield code="a">1</subfield>
      <subfield code="b">1</subfield>
      <subfield code="c">1</subfield>
      <subfield code="d">Andante comodo</subfield>
      <subfield code="g">C-4</subfield>
      <subfield code="m">V</subfield>
      <subfield code="n">bB</subfield>
      <subfield code="o">2/4</subfield>
      <subfield code="p">4-8-6-'C/,8.A6B'8.C6D/4C,8A6-A/8GABG/AF-6-</subfield>
      <subfield code="t">Signori dilettanti</subfield>
      <subfield code="2">pe</subfield>
      <subfield code="u">30496545</subfield>
      </datafield>
   <datafield tag="031" ind1=" " ind2=" ">
      <subfield code="a">1</subfield>
      <subfield code="b">2</subfield>
      <subfield code="c">1</subfield>
      <subfield code="d">Con più moto</subfield>
      <subfield code="o">6/8</subfield>
      <subfield code="u">30496546</subfield>
      </datafield>
   <datafield tag="041" ind1=" " ind2=" ">
      <subfield code="a">ita</subfield>
   </datafield>
   <datafield tag="100" ind1="1" ind2=" ">
      <subfield code="a">Alessandri, Felice</subfield>
      <subfield code="d">1747-1798</subfield>
      <subfield code="0">30000069</subfield>
   </datafield>
   <datafield tag="240" ind1="1" ind2="0">
      <subfield code="a">Signori dilettanti</subfield>
      <subfield code="m">V (2), orch</subfield>
      <subfield code="r">F</subfield>
   </datafield>
   <datafield tag="245" ind1="1" ind2="0">
      <subfield code="a">Dueto Del Sig|r|e Felice Alessandri</subfield>
   </datafield>
   <datafield tag="260" ind1=" " ind2=" ">
      <subfield code="8">1\c</subfield>
      <subfield code="c">1700-1799 (18.sc)</subfield>
   </datafield>
   <datafield tag="300" ind1=" " ind2=" ">
      <subfield code="8">1\c</subfield>
      <subfield code="a">5 parts</subfield>
      <subfield code="c">in quer-4</subfield>
   </datafield>
   <datafield tag="590" ind1=" " ind2=" ">
      <subfield code="8">1\c</subfield>
      <subfield code="a">V 1 and 2 and b, vl 1, 2, ob 1, 2</subfield>
   </datafield>
   <datafield tag="593" ind1=" " ind2=" ">
      <subfield code="8">1\c</subfield>
      <subfield code="a">manuscript</subfield>
   </datafield>
   <datafield tag="594" ind1=" " ind2=" ">
      <subfield code="a">vl 1, vl 2, b, ob (2), V (2)</subfield>
   </datafield>
   <datafield tag="650" ind1="0" ind2="0">
      <subfield code="a">Duets (voc.)</subfield>
   </datafield>
   <datafield tag="852" ind1=" " ind2=" ">
      <subfield code="a">CH-E</subfield>
      <subfield code="c">94,27 (Ms.2377)</subfield>
      <subfield code="x">30000006</subfield>
   </datafield>
   </record>