
<record>
   <leader>00000cdd#a2200000###4500</leader>
   <controlfield tag="001">400007850</controlfield>
   <controlfield tag="003">RISM</controlfield>
   <controlfield tag="005">20060823111111.0</controlfield>
   <controlfield tag="008">100214|||||||||gw |||||||||||||||||||||d</controlfield>
   <datafield tag="031" ind1=" " ind2=" ">
      <subfield code="a">1</subfield>
      <subfield code="b">1</subfield>
      <subfield code="c">1</subfield>
      <subfield code="d">Allegro</subfield>
      <subfield code="g">G-2</subfield>
      <subfield code="n">xFC</subfield>
      <subfield code="o">c</subfield>
      <subfield code="p">'2.D+{8D6-,(3AB'C)}/i/</subfield>
      <subfield code="2">pe</subfield>
      <subfield code="u">30492639</subfield>
      </datafield>
   <datafield tag="031" ind1=" " ind2=" ">
      <subfield code="a">1</subfield>
      <subfield code="b">2</subfield>
      <subfield code="c">1</subfield>
      <subfield code="d">Andante</subfield>
      <subfield code="o">6/8</subfield>
      <subfield code="u">30492640</subfield>
      </datafield>
   <datafield tag="100" ind1="1" ind2=" ">
      <subfield code="a">Alessandri, Felice</subfield>
      <subfield code="d">1747-1798</subfield>
      <subfield code="0">30000069</subfield>
   </datafield>
   <datafield tag="240" ind1="1" ind2="0">
      <subfield code="a">Symphonies</subfield>
      <subfield code="r">D</subfield>
   </datafield>
   <datafield tag="245" ind1="1" ind2="0">
      <subfield code="a">Sinfonia | Del Sig|r Felice Alessandri | Milano 1778.</subfield>
   </datafield>
   <datafield tag="300" ind1=" " ind2=" ">
      <subfield code="8">1\c</subfield>
      <subfield code="a">score: 22f.</subfield>
      <subfield code="c">in quer-4</subfield>
   </datafield>
   <datafield tag="510" ind1="1" ind2=" ">
      <subfield code="a">WalterZ 1960</subfield>
      <subfield code="c">p.2</subfield>
   </datafield>
   <datafield tag="510" ind1="1" ind2=" ">
      <subfield code="a">NeueMus n.d.</subfield>
      </datafield>
   <datafield tag="591" ind1="0" ind2="0">
      <subfield code="a">[MGZ] No. 528</subfield>
   </datafield>
   <datafield tag="593" ind1=" " ind2=" ">
      <subfield code="8">1\c</subfield>
      <subfield code="a">manuscript</subfield>
   </datafield>
   <datafield tag="594" ind1=" " ind2=" ">
      <subfield code="a">strings (4), fl (2), ob (2), fag (2), cor (2)</subfield>
   </datafield>
   <datafield tag="650" ind1="0" ind2="0">
      <subfield code="a">Symphonies</subfield>
   </datafield>
   <datafield tag="852" ind1=" " ind2=" ">
      <subfield code="a">CH-Zz</subfield>
      <subfield code="c">AMG XIV 790 (Ms.709)</subfield>
      <subfield code="x">30000014</subfield>
   </datafield>
   </record>